1955 3157
942 218 1018 248 111

289 340 411 394 Ergo
452 353 550 381 cum
594 338 904 380 recentioribus
946 336 1093 378 multis
1126 337 1313 390 primam
1347 336 1459 377 hanc
1491 336 1720 390 stropham

229 423 412 471 quartae
467 416 578 457 odae
629 416 884 470 simpliciter
930 415 1267 467 interpretemur
1314 419 1362 454 ut
1409 413 1586 466 aliquod
1633 430 1724 466 ιμοι,

227 497 379 535 ἔννεπε
408 496 567 547 μοῦσα’
599 492 717 534 nulla
748 493 916 533 ratione
948 490 1100 532 habita
1127 503 1276 530 eorum
1305 502 1417 542 quae
1443 490 1722 544 praecedunt.

230 570 302 612 Sic
334 571 685 624 Rosenbergius:
721 569 879 619 „Auch
912 568 1018 609 wird
1050 568 1094 608 in
1126 568 1225 608 dem
1259 581 1348 608 was
1375 567 1437 607 sie
1465 567 1618 620 singen
1643 567 1724 608 soll

229 648 331 689 kein
363 648 509 701 Bezug
540 647 619 689 auf
644 647 737 688 ihre
768 646 941 687 fruhere
973 644 1199 699 Tatigkeit
1230 642 1587 698 genommen''1).

348 813 430 866 §a
465 812 703 854 CARMINIS
736 820 1073 854 SIGNIFICATIO.
1107 809 1452 852 CONSENTIUNT
1484 818 1606 850 FERE

700 899 847 931 INTER
880 898 933 931 SE
965 898 1067 930 VIRI
1098 896 1257 929 DOCTr.

289 1003 381 1044 Iam
414 1004 456 1044 in
489 1003 627 1044 altera
658 1002 841 1056 stropha
868 1002 1042 1056 poetico
1070 1001 1169 1054 igne
1196 999 1350 1041 ardere
1367 1013 1413 1041 se
1430 999 1621 1041 ostendit
1639 1013 1725 1040 non

230 1087 412 1122 naturae
444 1081 620 1134 quidem
654 1086 833 1135 aspectu
866 1079 943 1120 sed
976 1079 1292 1120 recordatione.
1326 1077 1503 1119 Verone
1536 1090 1590 1117 an
1623 1077 1726 1118 ficto

229 1158 299 1199 hic
336 1158 394 1198 nil
427 1158 570 1199 refert.
605 1157 810 1212 Sequitur
843 1157 1069 1199 notissima
1100 1163 1144 1198 et
1175 1155 1443 1210 lepidissima
1475 1154 1724 1208 descriptio,

230 1250 317 1290 qua
349 1242 496 1277 narrat
528 1235 751 1289 quomodo
783 1242 903 1276 tutus
929 1249 955 1276 a
982 1235 1083 1276 feris
1110 1235 1335 1276 Musarum
1363 1246 1466 1273 cura
1482 1232 1726 1274 custoditus

229 1315 286 1355 sit
317 1314 360 1354 in
393 1313 619 1354 frondibus
655 1326 769 1362 „non
802 1312 894 1353 sine
927 1312 993 1353 dis
1025 1312 1248 1352 animosus
1280 1308 1463 1351 infans''.

290 1390 407 1445 Quid
440 1391 549 1432 haec
582 1390 729 1432 omnia
755 1390 836 1430 sibi
864 1389 1014 1431 volunt
1042 1388 1268 1430 hocloco?
1285 1389 1464 1428 Merane
1483 1387 1726 1441 reputanda

230 1475 298 1510 est
343 1468 558 1523 digressio
604 1467 714 1509 haec
761 1468 879 1521 prior
919 1480 1022 1521 pars
1065 1465 1309 1521 poematis?
1342 1464 1589 1506 Audiamus
1621 1464 1725 1518 quid

230 1551 437 1587 censeant
470 1546 549 1586 viri
582 1545 714 1586 docti.

289 1624 503 1677 Iuvatque
545 1622 816 1677 paucissimis
859 1622 1050 1662 indicare
1092 1620 1220 1674 quale
1252 1619 1443 1661 dixerint
1474 1619 1582 1660 varii
1614 1619 1725 1659 odae

230 1714 324 1741 esse
355 1706 663 1754 argumentum
681 1701 725 1753 2).

289 1778 590 1820 Mommsenus
648 1778 758 1830 1889
804 1776 861 1817 1.l.
912 1776 1094 1825 „Zartes
1141 1774 1418 1815 Verhaltniss
1465 1787 1539 1814 zur
1586 1773 1724 1814 Muse.

231 1856 461 1910 Augustus
494 1855 670 1896 Freund
702 1854 779 1895 der
812 1854 980 1894 Musen.
1014 1850 1434 1906 Gigantenkampf'.

289 1932 508 1987 Seligerus
567 1932 677 1985 1890
694 1932 726 1984 3)
773 1930 829 1972 1.1.
878 1936 1020 1971 totum
1067 1943 1243 1970 carmen
1289 1929 1425 1970 habet
1471 1941 1550 1982 pro
1597 1928 1724 1982 primi

230 2011 433 2052 carminis
465 2009 809 2051 confirmatione.
844 2007 1043 2048 Pluribus
1076 2007 1191 2047 enim
1223 2006 1335 2047 inter
1368 2019 1414 2046 se
1447 2005 1724 2047 conveniunt.

233 2089 341 2138 „Vis
387 2087 538 2128 consili
585 2100 744 2140 expers
791 2100 827 2127 e.
847 2098 888 2138 q.
908 2099 940 2126 s,
991 2083 1296 2134 „Seitenstuck
1339 2096 1441 2123 vom
1484 2081 1725 2123 maszlosen

231 2165 418 2208 Streben
449 2178 529 2206 vor
560 2165 662 2205 dem
695 2178 741 2205 er
772 2164 831 2204 im
863 2169 1008 2204 ersten
1040 2162 1176 2203 Liede
1209 2160 1391 2202 warnt.''

290 2243 580 2296 Niemeyerus
618 2242 726 2295 1892
759 2241 815 2283 l.l.
850 2240 977 2295 plane
1009 2252 1108 2280 cum
1142 2238 1337 2292 Seligero
1366 2250 1412 2278 se
1439 2236 1582 2278 facere
1606 2236 1724 2278 dicit.

283 2431 390 2476 1)1.1.
427 2442 512 2477 pag.
555 2438 608 2474 15.
642 2428 897 2464 Nihilominus
936 2428 1015 2473 ipse
1050 2439 1086 2463 v.
1120 2426 1156 2462 d.
1191 2426 1229 2461 in
1254 2426 1416 2461 editione
1442 2437 1510 2460 sua
1535 2425 1610 2460 alia
1635 2425 1725 2460 olim

231 2491 376 2526 docuit:
415 2490 473 2526 ed.
502 2490 516 2512 ³
557 2490 664 2534 1898:
704 2487 900 2523 Descende
937 2487 1060 2521 coelo:
1097 2486 1189 2520 »mit
1221 2486 1345 2530 Bezug
1377 2484 1446 2519 auf
1475 2485 1549 2519 den
1574 2485 1726 2519 Schlusz

232 2562 306 2585 von
333 2551 398 2585 111.
425 2560 458 2595 3,
482 2560 539 2584 wo
565 2549 617 2583 sie
642 2548 715 2583 den
741 2547 872 2582 Reden
898 2546 964 2581 der
989 2546 1120 2581 Gotter
1147 2545 1331 2589 unbefugt
1356 2544 1551 2589 gelauscht
1577 2544 1676 2578 hat‘'.

280 2629 316 2673 2)
341 2628 428 2670 Eos,
464 2627 530 2673 qui
565 2632 653 2661 ante
690 2626 967 2660 Mommsenum
1001 2623 1241 2669 scripserunt,
1274 2633 1343 2667 pro
1376 2621 1568 2668 proposito
1598 2627 1726 2655 nostro

231 2687 451 2722 omittimus.

279 2765 316 2809 3)
341 2764 522 2799 Consulto
555 2774 674 2798 annos
704 2762 846 2808 ubique
870 2760 1028 2807 apposui
1053 2759 1192 2806 quibus
1217 2759 1304 2794 libri
1329 2758 1496 2793 libellive
1521 2758 1615 2792 varii
1640 2768 1726 2792 con-

232 2824 360 2870 scripti
385 2824 469 2859 sint.
