1955 3157
974 259 1025 299 16

244 387 322 427 das
364 401 465 441 rege
497 387 743 429 offentliche
777 388 925 428 Leben
959 388 1096 428 Roms
1129 387 1269 428 Verse
1302 386 1522 440 geworfen
1556 387 1734 427 wurden

245 465 323 504 wie
356 465 432 504 wir
464 466 525 505 sie
557 466 650 506 hier
681 478 761 505 vor
793 478 872 504 uns
904 464 1060 515 haben,
1097 477 1147 504 so
1179 463 1360 504 wurden
1392 463 1454 503 sie
1481 469 1594 505 trotz
1623 463 1734 505 allen

244 541 539 582 Versteckens
586 541 696 582 auch
744 541 1006 582 verstanden
1013 573 1140 582 .....
1184 540 1244 581 So
1275 541 1450 581 werden
1483 541 1559 580 wir
1591 554 1637 581 es
1668 540 1736 581 fur

242 618 383 659 sicher
424 618 573 659 halten
605 626 778 658 mussen
811 618 911 658 dass
945 618 1022 658 der
1053 618 1272 671 gebildete
1305 617 1392 658 und
1425 616 1627 671 politisch
1661 631 1736 671 ge-

242 695 410 736 schulte
443 695 607 735 Romer
639 695 777 736 sofort
808 695 977 736 merkte
1010 695 1110 735 dass
1142 695 1236 735 hier
1264 695 1341 735 das
1369 694 1598 748 politische
1627 694 1736 735 Lied

244 772 456 813 zwischen
500 772 584 813 den
627 772 773 812 Zeilen
811 772 985 826 gelesen
1019 771 1192 812 werden
1225 770 1412 812 musse.''
1447 770 1573 824 Quae
1604 785 1737 826 supra

243 849 434 890 diximus
476 849 580 890 satis
623 862 839 902 superque
880 848 1098 889 sufficiunt
1130 848 1186 888 ad
1220 848 1450 890 refutanda
1483 849 1592 890 haec
1624 862 1736 902 quae

242 932 406 967 temere
438 932 538 967 sunt
570 931 748 966 asserta.

302 1003 550 1043 Reiciamus
599 1016 704 1057 ergo
751 1003 864 1043 hanc
906 1003 1180 1056 opinionem:
1214 1007 1266 1044 οὐ
1299 1006 1379 1059 γάρ
1411 1006 1497 1044 ἐστι
1528 1005 1733 1046 πιθανόν.

493 1139 517 1191 §
546 1150 583 1190 3.
632 1139 706 1179 DE
737 1147 957 1188 RELIQUIS
991 1148 1218 1180 STROPHIS
1251 1138 1407 1180 CARM.
1442 1139 1473 1180 Ι.

243 1228 310 1268 De
337 1227 530 1281 strophis
557 1241 669 1281 quae
693 1234 934 1281 sequuntur
951 1233 1320 1269 commentatores
1338 1227 1427 1268 fere
1445 1228 1734 1271 consentiunt.

243 1304 387 1344 Facile
416 1305 530 1345 enim
558 1304 876 1358 intellegentur,
896 1306 931 1345 si
950 1306 1162 1346 rationem
1181 1319 1267 1359 qua
1285 1305 1543 1359 iampridem
1562 1305 1737 1347 fuerunt

241 1382 486 1435 explicatae
533 1382 793 1436 tenebimus,
843 1388 888 1422 ut
932 1396 1018 1422 non
1061 1396 1267 1436 magnam
1311 1382 1553 1436 praebeant
1584 1396 1736 1423 ansam

243 1458 510 1512 disputandi.

303 1535 384 1576 Vir
424 1535 579 1576 doctus
621 1535 752 1589 paulo
794 1542 895 1577 ante
938 1536 1140 1578 laudatus
1183 1542 1300 1578 recte
1333 1550 1402 1576 me
1434 1536 1574 1577 iudice
1606 1535 1736 1578 docet

242 1612 447 1665 singulari
480 1613 647 1653 ratione
680 1627 775 1654 esse
806 1613 1090 1666 premendam
1123 1627 1276 1655 vocem
1311 1615 1515 1668 „impia'’.

622 1719 830 1753 Destrictus
856 1719 954 1753 ensis
980 1719 1040 1753 cui
1066 1730 1177 1764 super
1205 1719 1321 1765 impia

622 1777 777 1812 Cervice
803 1777 953 1823 pendet,
979 1789 1054 1812 non
1081 1778 1227 1812 Siculae
1253 1778 1369 1823 dapes

670 1837 788 1871 Dulce
815 1837 1064 1871 elaborabunt
1092 1848 1276 1882 saporem,

717 1896 803 1930 Non
829 1896 956 1930 avium
983 1896 1225 1941 citharaeque
1252 1902 1384 1930 cantus

621 1984 803 2018 Somnum
830 1984 1008 2019 reducent
1023 2011 1127 2020 .....

303 2085 426 2140 Quae
473 2100 562 2127 vox
603 2100 702 2127 cum
746 2088 957 2140 premitur
1000 2088 1165 2141 optime
1198 2088 1458 2141 perspicitur
1489 2101 1630 2128 nexus
1661 2088 1734 2141 qui

243 2168 309 2203 est
342 2164 453 2204 inter
485 2177 634 2204 versus
666 2173 828 2217 9—40.

303 2239 454 2294 Atque
500 2240 585 2281 huc
632 2241 744 2282 redit
789 2247 948 2294 poetae
995 2241 1315 2295 argumentatio
1362 2240 1538 2282 liberius
1586 2242 1735 2294 utique

244 2318 467 2358 enuntiata
525 2330 656 2370 quam
713 2332 738 2358 a
795 2319 888 2358 viro
937 2318 1200 2373 philosopho
1248 2319 1338 2359 iure
1386 2318 1732 2371 exspectaveris:

244 2395 446 2434 omnibus
492 2395 668 2448 quidem
716 2395 913 2436 imminet
958 2394 1129 2449 gladius
1176 2395 1408 2436 destrictus
1455 2395 1532 2436 i.e.
1582 2395 1734 2436 mortis

244 2471 492 2523 necessitas,
525 2478 570 2512 at
603 2472 658 2512 ab
688 2472 830 2524 impiis
856 2471 957 2512 solis
985 2472 1117 2512 animi
1144 2471 1502 2525 tranquillitatem
1530 2484 1735 2512 amovere

245 2554 413 2600 potest:
463 2548 674 2601 „impios”
723 2562 827 2589 vero
874 2548 945 2589 hic
991 2549 1197 2602 intellego
1245 2562 1331 2598 θος,
1376 2549 1449 2601 qui
1492 2548 1735 2602 quomodo-

245 2637 430 2678 cumque
471 2625 693 2665 abundare
725 2626 904 2679 cupiunt
937 2626 1076 2679 magis
1108 2638 1281 2679 semper
1314 2625 1540 2678 magisque
1574 2625 1734 2666 divitiis

245 2701 313 2741 vel
344 2701 593 2744 honoribus,

305 2779 460 2820 Restat
502 2786 548 2820 ut
590 2778 643 2820 de
686 2779 846 2820 ultimis
887 2780 1080 2820 versibus
1124 2779 1196 2832 qui
1241 2780 1392 2819 maiori
1438 2793 1568 2832 quam
1601 2779 1732 2821 ceteri

246 2869 397 2896 omnes
422 2856 647 2896 offensioni
674 2862 775 2897 sunt
802 2857 1123 2909 interpretibus,
1150 2869 1290 2909 pauca
1307 2855 1515 2897 dicamus.
1536 2854 1734 2908 Quorum
