1955 3157
988 286 1043 337 36

266 417 546 459 commendat
592 422 725 470 poeta
773 422 815 457 et
863 416 923 457 ita
968 415 1102 469 longo
1151 414 1343 456 Carmini
1386 415 1571 469 imponit
1612 415 1756 457 finem.

266 495 485 535 Poemane
545 493 688 534 facere
744 492 829 533 hoc
887 498 952 533 est
1010 506 1065 532 an
1113 506 1279 545 pannos
1326 493 1480 545 pannis
1527 505 1702 534 assuere
1714 492 1758 533 ?’'

267 571 431 611 Nostra
461 584 567 611 vero
600 569 852 610 coniectura
884 569 1086 618 admissa,
1120 582 1177 609 ex
1209 575 1395 621 utroque
1422 570 1614 610 carmine
1640 583 1759 610 com-

266 649 391 701 plura
423 649 534 689 inter
566 661 611 688 se
644 660 901 700 comparare
935 646 1197 699 poterimus;
1231 659 1342 699 quae
1374 647 1645 700 comparatio
1672 660 1760 687 non

266 725 379 766 male
422 725 681 766 sententiam
714 730 908 765 nostram
941 723 1231 764 confirmabit.
1265 724 1333 764 Ea
1365 737 1474 778 quae
1509 724 1760 778 iuxtaposui

265 802 346 843 sub
379 802 455 843 IV.
489 808 532 843 et
565 801 628 842 VI
646 800 714 841 vel
741 801 797 841 ad
824 799 968 850 verba,
996 807 1142 842 cetera
1168 800 1222 841 ad
1249 815 1421 841 sensum
1449 807 1619 842 tantum
1648 801 1760 842 inter

266 893 312 920 se
345 879 622 920 conveniunt.

516 1037 578 1071 IV.
605 1046 639 1081 9,
665 1046 721 1081 39.
1297 1037 1362 1071 III.
1391 1047 1424 1079 2,
1453 1045 1507 1080 17.

315 1107 550 1153 »Com-alque
587 1118 661 1142 non
695 1107 811 1141 unius
841 1107 929 1141 anni
1101 1107 1252 1142 »Virtus
1288 1109 1461 1153 repulsae
1494 1109 1616 1142 nescia
1649 1108 1760 1143 sordi-

265 1167 330 1202 sed
356 1167 526 1212 quotiens
558 1167 680 1201 bonus
710 1172 823 1212 atque
845 1167 976 1202 fidus'’.
1050 1167 1144 1201 dae''
1170 1178 1200 1202 e.
1216 1178 1250 1212 q.
1268 1179 1294 1202 s.

266 1270 321 1311 ῙῙ·
520 1291 582 1326 IV.
608 1301 642 1336 9,
667 1299 725 1336 45.
1374 1293 1439 1327 111.
1470 1302 1500 1336 1,
1527 1300 1582 1337 25.

268 1364 377 1396 >Non
387 1362 641 1408 possidentem
652 1363 771 1397 multa
782 1362 976 1397 vocaveris
1051 1362 1376 1406 »Desideranterm
1394 1363 1496 1409 quod
1510 1364 1600 1398 satis
1613 1369 1680 1406 est,
1697 1356 1833 1409 [neq*‘³ue

315 1428 414 1456 recte
441 1422 631 1457 beatum’'.
1052 1422 1348 1457 Tumultuosum
1374 1423 1550 1457 sollicitat
1573 1434 1677 1458 mare

1097 1483 1176 1516 Nec
1203 1493 1335 1517 saevos
1360 1483 1512 1517 Areturi
1537 1483 1706 1518 cadentis

1144 1542 1310 1586 Impetus
1335 1548 1401 1576 aut
1426 1542 1578 1576 orientis
1605 1542 1740 1587 Haedi,

1048 1626 1134 1658 Non
1160 1625 1379 1659 verberatae
1405 1625 1587 1669 grandine
1613 1625 1746 1660 vineae

1048 1684 1077 1717 F
1081 1684 1278 1729 undusque
1292 1684 1466 1729 mendax,
1480 1685 1614 1719 arbore
1628 1696 1728 1719 nunc
1741 1696 1859 1731 aquas

1095 1743 1295 1789 Culpante,
1319 1755 1419 1778 nunc
1444 1745 1624 1779 torrentia
1649 1755 1760 1789 agros

1142 1803 1286 1845 Sidera,
1311 1814 1410 1837 nunc
1436 1803 1578 1838 hiemes
1605 1804 1778 1849 iniquas]

266 1901 341 1942 III.
503 1910 567 1944 IV.
592 1920 627 1954 9,
651 1909 709 1953 46.
1305 1913 1371 1947 III.
1398 1922 1431 1954 2,
1458 1920 1513 1957 25.

494 1982 647 2016 Rectius
672 1988 833 2027 occupat
1052 1984 1140 2017 »Est
1161 1989 1198 2017 et
1212 1983 1312 2018 fideli
1327 1989 1407 2018 tuta
1421 1984 1567 2018 silentio
1582 1986 1758 2020 merces.”

314 2043 462 2075 Nomen
487 2041 600 2082 beati,
625 2040 689 2085 qui
715 2041 872 2075 deorum

362 2100 581 2135 Muneribus
607 2100 794 2145 sapienter
820 2100 873 2134 uti

504 2185 510 2193 .
550 2159 660 2193 callet
698 2186 705 2194 .
746 2185 754 2194 .
795 2186 801 2194 .
842 2186 848 2193 .

326 2257 395 2297 De
422 2256 488 2296 his
516 2263 670 2310 postea
699 2256 893 2311 pluribus
917 2257 996 2298 erit
1019 2257 1263 2299 dicendum.
1284 2258 1429 2298 Primo
1447 2258 1562 2299 enim
1579 2265 1757 2313 aspectu

267 2334 474 2374 audacter
505 2341 760 2388 comparata
794 2334 1024 2375 videantur
1055 2335 1243 2388 cuipiam
1277 2348 1375 2376 cum
1409 2335 1485 2376 III.
1522 2347 1560 2378 2.

327 2410 413 2452 Sed
461 2412 566 2452 satis
598 2425 815 2465 superque
847 2412 974 2452 huius
1009 2413 1067 2452 rei
1101 2413 1314 2453 rationem
1347 2426 1453 2453 mox
1486 2414 1758 2455 redditurum

267 2501 337 2528 me
368 2488 497 2528 erede
517 2487 561 2541 1).

268 2587 345 2629 IV.

1315 2648 1379 2683 111.
1407 2658 1440 2690 2,
1469 2657 1498 2682 1.

1052 2719 1283 2763 >Angustam
1295 2719 1414 2753 amice
1424 2719 1641 2765 pauperiem
1656 2719 1757 2765 pati”

515 2645 578 2680 IV.
604 2655 639 2690 9,
663 2655 720 2691 49.

317 2716 559 2761 ›Duramque
585 2716 695 2750 callet
722 2717 939 2762 pauperiem

350 2775 451 2820 pati'’

320 2886 351 2929 1)
378 2886 472 2920 Vide
498 2886 594 2920 infra
620 2897 703 2932 pag.
732 2887 775 2930 67
803 2899 885 2934 sqq.
