1955 3157
890 227 941 266 41

165 348 344 389 minoris
392 348 601 389 momenti
650 347 904 389 omittimus.
954 346 1192 401 Postquam
1236 352 1384 388 autem
1427 360 1506 388 suo
1538 361 1659 388 more

165 426 296 467 vertit
343 431 588 478 ,angustam
631 425 770 465 amice
813 438 854 478 p.
873 427 932 478 p.'
973 424 1034 464 sic
1066 424 1209 478 pergit
1240 424 1296 464 de
1327 424 1432 478 ipsis
1464 424 1660 465 versibus

167 503 253 544 iarn
286 516 445 557 agens:

226 580 410 630 „Dieser
443 579 596 622 Soldat
628 580 683 621 ist
715 593 812 620 zum
845 579 1058 620 Besseren
1087 579 1267 620 berufen
1297 578 1358 619 als
1388 592 1484 619 zum
1513 578 1660 620 Politi-

165 657 292 698 siren.
342 657 425 697 Die
473 657 623 698 Ehren
669 657 747 698 der
789 656 981 710 Tapfren
1025 656 1167 697 haben
1210 656 1351 697 nichts
1384 670 1434 696 zu
1467 656 1660 697 schaffen

166 735 245 776 mit
277 733 376 775 dem
409 734 682 775 unsauberen
711 734 901 775 Treiben
930 734 1007 774 des
1034 733 1413 787 Wahlgeschafts;
1443 747 1489 774 er
1505 734 1662 774 nimmt

167 811 254 852 und
297 811 473 853 verliert
514 812 635 853 nicht
676 812 746 852 die
788 810 1108 852 Lictorenbeile
1150 811 1261 851 nach
1292 811 1370 851 der
1402 811 1552 852 Laune
1584 810 1661 851 der

166 889 338 942 Menge,
382 890 473 930 sein
507 889 642 930 Beruf
669 890 724 930 ist
757 888 833 929 der
865 888 1184 942 Kriegsdienst‚
1218 888 1336 928 seine
1369 888 1541 928 Freude
1574 888 1661 928 und

166 967 258 1007 sein
307 965 426 1008 Stolz
472 966 539 1007 fiir
586 966 665 1006 das
713 965 955 1007 Vaterland
1003 980 1052 1006 zu
1096 964 1315 1006 sterben.''
1358 989 1416 994 —
1448 964 1659 1015 Adverte‚

165 1043 314 1094 lector,
364 1043 588 1098 quomodo
635 1043 690 1084 de
738 1044 952 1084 industria
994 1044 1277 1084 commisceat
1319 1043 1506 1096 scriptor
1537 1056 1662 1095 prae-

166 1120 308 1161 clarus
350 1121 554 1175 strophas
598 1121 690 1162 illas
721 1134 1035 1174 saepenumero
1068 1134 1094 1161 a
1125 1120 1320 1174 pluribus
1352 1119 1662 1173 interpretibus

167 1198 279 1239 inter
319 1211 366 1238 se
398 1198 624 1240 distinctas
657 1222 715 1228 —
749 1198 867 1247 „Das
900 1198 954 1238 ist
986 1197 1063 1238 der
1096 1197 1251 1238 Soldat
1282 1197 1360 1237 der
1392 1195 1660 1245 Monarchie,

167 1275 245 1316 der
272 1289 394 1316 arme
421 1275 657 1316 Romische
677 1276 1012 1329 Burgersmann,
1032 1274 1110 1315 der
1127 1274 1239 1314 nach
1257 1273 1661 1327 zwanzigjahrigem

167 1353 336 1402 Dienst,
370 1366 495 1393 wenn
528 1367 573 1393 es
606 1353 695 1393 ihm
729 1352 850 1393 nicht
881 1352 1143 1392 beschieden
1177 1365 1264 1392 war
1290 1351 1358 1392 fiir
1386 1351 1477 1391 sein
1505 1351 1662 1392 Vater-

166 1429 268 1470 land
302 1445 352 1470 zu
385 1430 575 1479 sterben,
609 1430 671 1470 als
700 1429 1005 1482 ausgedienter
1032 1428 1339 1470 Unterofficier
1356 1429 1473 1468 seine
1492 1428 1663 1469 Alters-

167 1520 438 1561 versorgung
470 1508 512 1548 in
545 1507 844 1561 burgerlicher
876 1507 1005 1548 Ruhe
1038 1506 1215 1548 findet.”

227 1584 412 1625 Diversa
454 1585 622 1626 ratione
660 1585 765 1626 talia
797 1584 972 1625 decreta
1004 1609 1055 1613 —
1093 1583 1214 1637 (nihil
1247 1583 1361 1623 enim
1394 1583 1663 1636 argumentis

168 1662 442 1704 confirmavit
466 1663 782 1715 Mommsenus)
802 1686 858 1692 —
876 1668 1064 1703 tractare
1082 1662 1232 1716 utique
1249 1674 1492 1714 possumus.
1514 1661 1664 1701 Potest

168 1740 261 1780 fieri
304 1746 351 1781 ut
392 1740 488 1795 quis
531 1740 839 1781 auctoritatem
882 1739 1153 1780 celeberrimi
1195 1738 1289 1788 viri,
1333 1737 1494 1791 magni,
1529 1737 1664 1790 pluris

169 1817 353 1859 fortasse
384 1831 517 1872 quam
551 1831 628 1871 par
655 1818 709 1858 sit
736 1817 897 1858 faciens
927 1817 987 1857 sic
1015 1816 1317 1857 ratiocinetur:
1337 1815 1456 1856 Ante
1475 1815 1664 1855 Momm-

168 1909 321 1936 senum
348 1896 541 1936 maxime
563 1895 727 1936 laudati
747 1896 1005 1948 interpretes
1025 1908 1135 1948 pene
1153 1893 1209 1934 ad
1226 1906 1359 1934 unum
1377 1906 1529 1933 omnes
1547 1892 1664 1933 aliud

168 1980 408 2014 senserunt.
438 1973 536 2013 Hoc
554 1973 618 2013 vir
635 1972 911 2013 doctissimus
930 1973 1106 2012 minime
1124 1971 1354 2024 ignoravit.
1375 1970 1541 2010 Habuit
1559 1983 1663 2023 ergo

169 2064 361 2104 gravem,
396 2064 528 2105 quam
560 2056 708 2091 tamen
736 2063 822 2090 non
852 2049 1070 2103 patefecit,
1092 2049 1305 2089 rationem
1323 2053 1370 2088 ut
1387 2047 1443 2088 ab
1461 2048 1510 2087 iis
1528 2047 1664 2087 disce-

170 2128 305 2169 deret.
339 2128 494 2182 Neque
526 2128 641 2168 enim
676 2127 895 2168 Bentleius
915 2126 959 2178 1),
994 2127 1067 2181 qui
1100 2125 1154 2166 de
1188 2126 1269 2166 hac
1303 2139 1348 2165 re
1375 2123 1493 2174 nihil,
1523 2138 1664 2179 neque

169 2205 432 2259 Doeringius
464 2206 538 2260 qui
571 2206 776 2246 virtutem
809 2204 978 2245 civilem
1011 2209 1213 2258 „praeter
1240 2203 1445 2244 virtutem
1464 2202 1663 2242 bellicam

170 2282 328 2323 aliam''
362 2283 597 2336 intellegit:
632 2296 773 2337 neque
804 2282 1081 2323 doctissimus
1109 2279 1296 2321 Orellius
1323 2280 1396 2334 qui
1424 2280 1478 2320 de
1505 2280 1664 2320 virtute

170 2359 319 2401 Stoica
362 2366 539 2414 poetam
583 2360 726 2400 dicere
764 2360 924 2408 docuit,
960 2372 1100 2413 neque
1133 2371 1187 2398 ne
1219 2357 1364 2412 plures
1397 2370 1662 2406 enumerem,

171 2437 421 2491 praeclarus
450 2436 775 2491 Peerlkampius
803 2442 975 2478 nostras
1002 2460 1060 2466 —-
1089 2435 1236 2484 „cuius
1265 2448 1364 2475 cum
1392 2433 1582 2475 editione
1610 2459 1664 2463 —

170 2520 282 2555 teste
315 2514 592 2555 Hartmanno
625 2539 681 2543 ——-
713 2527 866 2554 omnes
898 2527 1010 2568 quae
1043 2519 1193 2554 nostra
1220 2517 1365 2553 aetate
1393 2512 1435 2552 in
1453 2512 1547 2552 luce
1565 2525 1665 2565 pro-

171 2592 317 2642 deunt,
347 2598 566 2646 quotquot
583 2598 684 2632 sunt
701 2591 919 2632 artissimo
936 2590 1127 2645 quodam
1147 2589 1383 2630 cohaerent
1400 2588 1599 2629 vinculo''
1618 2588 1664 2641 2),

224 2758 257 2800 1)
283 2756 340 2791 Cf.
365 2757 401 2792 d.
429 2769 462 2791 v.
489 2757 691 2791 editionem
718 2757 810 2791 Hor.
835 2756 885 2790 ad
910 2757 951 2790 L.
978 2756 1043 2790 III.
1069 2766 1099 2790 c.
1130 2764 1160 2790 1.

221 2836 257 2878 2)
283 2833 339 2869 Cf.
365 2834 415 2869 l.l.
442 2845 524 2879 pag.
557 2844 586 2868 1.
