1955 3157
902 240 981 292 138

257 372 457 427 Quorum
504 370 808 424 exemplorum
850 371 1035 412 alterum
1077 370 1203 412 alteri
1245 371 1423 425 quidem
1455 371 1692 426 opponitur

197 456 431 504 utrumque
481 455 629 490 tamen
691 448 834 489 eidem
892 448 1130 489 inserviunt
1186 449 1426 502 proposit0‚
1488 455 1692 502 recteque

197 527 421 581 excipiunt
463 527 575 568 inter
615 540 675 566 se.
719 525 763 565 A
800 539 927 566 versu
961 532 1104 578 5—-12
1141 531 1372 567 narrantur
1403 525 1617 579 probrosa
1648 531 1693 568 et

197 605 376 658 indigna
406 628 464 633 —
494 610 588 645 tum
620 603 840 657 sequitur:

579 709 684 742 »Hoc
710 714 865 742 caverat
890 718 996 742 mens
1022 707 1182 753 provida
1208 707 1343 752 Reguli

575 767 838 802 Dissentientis
863 767 1147 801 condicionibus

574 827 710 862 Foedis
736 833 771 861 et
797 827 969 871 exemplo
995 827 1159 861 trahenti

574 887 780 921 Perniciem
806 886 960 921 veniens
984 886 1022 920 in
1048 897 1186 920 aevum

574 947 611 981 Si
637 957 712 980 non
739 946 877 991 periret
903 946 1183 981 immiserabilis

717 1005 879 1050 Captiva
905 1005 1059 1050 pubes''.

254 1107 417 1150 Sedulo
463 1108 572 1148 haec
618 1114 719 1148 sunt
765 1108 1089 1161 perpendenda,
1132 1108 1235 1163 quia
1267 1114 1503 1163 postquam
1536 1109 1692 1163 prioris

194 1185 331 1239 partis
378 1185 638 1226 sententiam
685 1186 791 1226 satis
838 1185 1211 1238 investigavimus,
1261 1186 1304 1226 in
1347 1185 1414 1226 his
1456 1186 1542 1227 iam
1585 1185 1692 1228 latet

195 1262 438 1303 difficultas.
473 1262 654 1317 Singula
685 1262 821 1303 verba
854 1262 1123 1316 inspicienda
1155 1269 1255 1303 sunt
1273 1261 1317 1310 1).

253 1339 347 1379 Hoc
393 1339 469 1381 Isti
512 1340 646 1380 verbo
695 1345 896 1380 auctores
929 1353 955 1379 a
987 1339 1111 1380 nobis
1146 1339 1389 1393 impugnati
1422 1339 1560 1381 multa
1591 1340 1692 1380 insi-

194 1416 425 1457 mularunt.
460 1416 536 1457 Uti
568 1416 768 1465 vidimus,
802 1417 860 1457 nil
893 1417 1104 1471 premitur
1131 1417 1174 1457 in
1201 1417 1264 1466 iis,
1293 1430 1406 1471 quae
1423 1417 1692 1470 praecedunt

194 1493 274 1533 nisi
308 1494 610 1534 Romanorum
644 1494 919 1547 captivorum
947 1494 1063 1535 facta
1091 1494 1317 1548 probrosa.
1338 1494 1459 1547 Ergo
1476 1494 1692 1547 probrosa

193 1570 295 1610 llaec
326 1584 482 1611 cavere
514 1570 651 1612 voluit
683 1570 892 1624 ReguluS.

257 1646 447 1689 caverat
484 1662 607 1689 mens
643 1648 847 1701 provida.
890 1648 1069 1702 Duplex
1102 1649 1213 1690 inest
1245 1649 1288 1689 in
1320 1649 1388 1689 his
1414 1648 1688 1701 significatio.

194 1724 363 1765 Prima:
412 1731 588 1766 caverat
634 1725 830 1778 Regulus
877 1739 932 1766 ne
978 1726 1064 1766 hoc
1110 1726 1233 1766 fieret
1280 1740 1361 1767 sua
1404 1732 1542 1766 aetate
1572 1726 1690 1780 apud

195 1801 578 1855 Carthaginienses
640 1827 692 1832 ——
754 1803 975 1844 Describit
1031 1803 1208 1858 quidem
1267 1817 1446 1844 suorum
1504 1803 1689 1845 militum

194 1880 496 1933 captivitatem

623 1943 784 1972 »retorta
809 1943 914 1982 tergo
942 1938 1119 1973 bracchia
1143 1938 1285 1973 libero’'

194 2051 388 2092 nondum
416 2066 520 2093 vero
548 2058 698 2106 turpes
725 2059 850 2094 erant
877 2053 1021 2093 mariti
1051 2059 1094 2094 et
1121 2053 1239 2106 quod
1257 2053 1396 2093 maius
1413 2059 1502 2094 est:
1521 2053 1690 2094 deside-

194 2129 306 2169 rium
324 2129 481 2183 Reguli
500 2136 593 2170 erat
610 2136 658 2171 ut
675 2136 952 2171 morerentur
967 2143 1120 2170 omnes
1139 2136 1375 2184 antequam
1392 2129 1497 2171 talia
1514 2129 1687 2170 fierent:

622 2241 682 2275 »Si
707 2251 783 2275 non
809 2241 947 2286 periret
973 2239 1285 2274 immiserabilis’'.

255 2341 411 2383 Altera
436 2342 715 2395 significatio:
735 2356 813 2383 suo
830 2342 914 2383 hoc
932 2341 1149 2395 exemplo,
1168 2348 1314 2382 mente
1332 2342 1517 2395 provida
1533 2356 1688 2383 cavere

195 2419 370 2460 volebat
401 2433 456 2459 ne
489 2419 535 2459 in
563 2426 784 2472 posterum
818 2433 1010 2474 unquam
1042 2419 1130 2460 tale
1161 2419 1267 2473 quid
1295 2418 1526 2460 accideret.
1556 2417 1687 2472 Quod

195 2502 314 2537 certo
372 2496 495 2538 fieret
542 2497 622 2536 nisi
670 2497 917 2538 dissentiret
964 2496 1292 2537 condicionibus
1340 2496 1490 2537 foedis.
1540 2495 1687 2549 Quare

195 2579 318 2614 erant
350 2572 505 2614 foedae
537 2573 621 2614 hae
647 2574 955 2614 condiciones?
983 2574 1277 2615 Historiarum
1306 2574 1538 2627 scriptores
1555 2573 1687 2614 hodie

246 2733 279 2774 1)
305 2731 491 2766 Differunt
513 2732 667 2777 quidem
682 2732 777 2766 inter
792 2743 830 2766 se
845 2732 1026 2766 editiones
1042 2732 1169 2766 variae
1184 2752 1227 2755 —
1242 2731 1502 2777 Peerlkampii‚
1517 2732 1687 2774 Bentleii,

195 2790 368 2833 aliorum,
401 2791 585 2834 legentes:
613 2791 795 2826 trahentis
821 2811 865 2815 —
892 2791 1074 2835 trahenti3
1100 2791 1272 2836 exemplo
1299 2811 1342 2815 —
1369 2791 1542 2836 exempli.
1567 2791 1686 2826 Nobis

194 2855 323 2883 autem
347 2849 394 2883 cle
419 2849 690 2894 significatione
716 2856 864 2884 tantum
889 2857 945 2884 est
969 2850 1250 2896 disputandum.
