1955 3157
972 244 1052 283 118

323 375 466 429 Magis
498 388 629 428 quam
662 387 854 428 unquam
887 388 966 427 par
997 379 1063 415 est
1094 379 1142 415 ut
1173 373 1257 414 hoc
1285 373 1381 414 loco
1409 374 1585 427 poetico
1613 380 1762 416 utatur

264 466 424 506 genere
455 452 640 493 dicendi.
675 452 743 493 Ita
769 451 925 493 saltem
953 451 1170 505 cogitasse
1187 451 1344 505 opinor
1361 457 1552 505 poetam.
1571 451 1760 506 Easque,

265 530 421 585 quibus
463 530 525 571 uti
565 529 756 580 volebat,
799 528 1007 569 formulas
1039 535 1216 582 paratas
1250 535 1297 569 ut
1330 529 1565 582 plurimum
1598 530 1763 572 invenit

264 606 382 660 apud
414 606 723 655 Alcmannum,
757 605 1005 655 Pindarum,
1035 605 1155 646 alios.
1187 606 1349 659 Negari
1378 607 1493 647 enim
1512 620 1599 647 non
1616 612 1763 661 potest

265 683 499 724 Iurenkam
552 683 594 724 in
651 683 734 724 hae
791 683 877 724 oda
935 683 1178 724 rectissime
1226 682 1439 724 indicasse
1486 684 1763 737 apertissima

265 760 397 811 ‘furti'
430 760 588 800 indicia
606 758 651 813 1).

325 837 525 878 Tandem
573 850 672 878 cum
719 837 917 890 pervenit
964 837 1020 877 ad
1066 851 1286 878 summum
1329 838 1555 879 Musarum
1597 837 1762 880 donum

265 915 384 970 quod
416 921 506 956 est:
540 915 635 955 leve
665 914 906 964 consilium,
940 914 1135 968 pluribus
1168 914 1341 957 disserit
1372 916 1427 956 de
1459 929 1525 965 eo,
1559 915 1764 970 exempla

267 992 403 1033 multa
450 1005 711 1042 memorans,
765 1006 869 1044 „aus
916 993 993 1033 der
1041 993 1287 1047 bequemen
1329 992 1644 1034 Rustkammer
1685 992 1763 1034 der

266 1067 570 1123 Mythologie''
614 1093 672 1098 —
708 1082 819 1122 quae
851 1075 1013 1119 tamen,
1048 1070 1243 1123 (auctore
1276 1069 1493 1122 Iurenka),
1531 1083 1644 1119 „von
1677 1070 1761 1111 den

267 1146 403 1187 Alten
435 1146 555 1186 nicht
587 1146 649 1186 als
683 1145 868 1187 Gebilde
900 1146 977 1187 der
1010 1146 1257 1198 Phantasie,
1292 1146 1481 1188 sondern
1513 1146 1576 1188 als
1603 1147 1762 1201 heilige

267 1222 531 1265 Geschichte
563 1223 804 1277 aufgefaszt
838 1223 1057 1264 wurden''.

325 1300 495 1354 Quibus
526 1301 764 1354 perpensiS‚
797 1301 1029 1342 statuimus
1056 1301 1170 1342 hanc
1197 1301 1329 1342 odam
1357 1315 1444 1342 non
1472 1302 1612 1354 magis
1629 1315 1762 1355 quam

267 1378 454 1433 primam
486 1378 633 1419 vocari
662 1391 814 1431 posse:
844 1377 1250 1432 ,‚Augustus-ode’',
1281 1379 1518 1420 rectissime
1536 1385 1683 1420 autem
1700 1379 1762 1420 sic

266 1469 380 1510 quae
426 1455 704 1497 continentur
746 1456 789 1496 in
832 1469 884 1496 ea
925 1456 1111 1496 describi
1154 1469 1306 1509 posse:
1351 1456 1571 1506 „celebrat
1603 1456 1761 1497 Musas

266 1546 504 1586 earumque
561 1533 718 1583 studia,
781 1546 894 1586 quae
950 1533 1119 1574 concilii
1177 1533 1401 1575 lenitatem
1458 1533 1670 1587 praebent
1717 1539 1761 1575 et

267 1608 572 1664 sapientiam’'.

321 1763 353 1806 1)
378 1762 474 1796 Vide
500 1762 613 1797 etiam
639 1762 1069 1797 Arnoldium-Friesium
1096 1763 1145 1798 l.l.
1171 1774 1256 1808 pag.
1286 1772 1362 1806 107.
