1955 3157
925 241 1005 280 180

920 405 1019 448 XV.

285 539 524 582 Demosth.
557 537 673 580 Phil.
706 538 738 580 Ι.
772 539 797 592 ἓ
829 546 901 591 47.

286 627 388 663 ὅταν
429 627 567 674 ὑμεῖσ,
611 625 643 662 ὦ
686 622 843 675 ἄνδρεσ
871 622 1113 673 Ἀθηναῖοι,
1147 624 1247 660 τοὺσ
1279 622 1437 659 αὐτοὺσ
1468 619 1717 671 ἀποδείξητε

228 709 485 760 στρατιώτασ
526 710 598 744 καὶ
634 707 858 758 μάρτυρασ
888 709 970 743 τῶν
1002 705 1377 757 στρατηγουμένων
1407 707 1480 742 καὶ
1513 702 1717 741 ὀικαστάσ

230 790 586 829 οἴκαδ’ἔλθοντασ
616 793 698 827 τῶν
730 788 928 826 εὐθυνῶν
961 790 1046 826 cet.

289 870 508 911 Deleatur
538 882 650 910 vox:
684 873 952 924 στρατιώτασ.

913 1068 1032 1111 XVI.

295 1201 418 1242 Flav.
454 1200 540 1241 Ios
574 1199 683 1241 Ant.
717 1199 813 1240 Iud.
847 1199 1008 1241 XVIII.
1042 1209 1081 1251 3,
1117 1209 1156 1251 3.
1192 1224 1246 1229 —

294 1284 446 1325 Locus
481 1281 558 1337 qui
591 1288 659 1324 est
693 1282 749 1323 de
782 1282 886 1323 Iesu
914 1281 1099 1324 Christo
1118 1280 1344 1323 immerito
1361 1279 1499 1322 hodie
1519 1278 1723 1336 expungi

235 1366 365 1407 solet.

911 1485 1052 1527 XVII.

295 1621 363 1663 Ex
390 1627 594 1663 veterum
613 1620 887 1662 testimoniis
904 1634 1146 1676 perperam
1166 1618 1396 1676 colligitur
1413 1616 1724 1659 Athenienses

237 1710 505 1760 παρανόμωσ
537 1703 689 1760 egisse
722 1702 941 1745 iudicium
973 1704 1174 1745 ferentes
1207 1702 1263 1744 de
1296 1699 1650 1757 imperatoribus
1678 1699 1725 1741 in

238 1787 413 1843 proelio
447 1786 570 1842 apud
602 1785 863 1843 Arginusas
894 1786 1017 1827 facto
1050 1784 1315 1827 victoribus.

901 1986 1062 2029 XVIII.

301 2119 408 2174 Quo
452 2117 524 2160 die
565 2116 877 2158 Athenienses
920 2115 1221 2171 imperatores
1258 2114 1360 2156 illos
1406 2111 1569 2168 capitis
1602 2112 1728 2154 dam-

243 2208 469 2244 naverunt
500 2201 599 2256 ipse
632 2199 849 2242 Socrates
882 2203 1109 2253 ἐπιστάτησ
1139 2197 1237 2239 fuit.

924 2399 1045 2441 XIX.

306 2515 423 2556 Xen.
458 2513 576 2555 Hell.
610 2513 640 2564 I,
676 2523 715 2564 7,
750 2523 819 2566 34.

541 2604 612 2638 καὶ
645 2600 781 2637 παλὶν
813 2598 1156 2650 ὄιαχειροτονίασ
1188 2597 1433 2647 γενομένησ.

307 2678 587 2736 Suffragium
610 2679 699 2719 hoc
717 2677 928 2719 iteratum
947 2690 1042 2717 non
1060 2673 1352 2731 intellegitur,
1372 2672 1459 2715 nisi
1478 2678 1732 2714 statuamus

250 2762 488 2805 Socratem
531 2762 587 2803 de
630 2759 853 2802 industria
894 2760 1008 2801 falso
1053 2757 1342 2800 renuntiasse
1382 2755 1490 2812 quid
1532 2754 1733 2810 populus

250 2844 519 2886 censuisset.
