1955 3157
904 218 983 262 127

209 341 416 394 nirgends
429 342 483 382 ist
496 341 586 381 dies
598 340 792 381 scharfer
803 337 1156 393 ausgesprochen
1169 337 1232 378 als
1245 338 1303 378 im
1313 337 1703 392 Eingangunseres

211 418 447 460 Gedichts:
491 418 560 458 die
593 418 854 469 Eroberung
886 415 992 457 wird
1024 415 1118 455 hier
1149 415 1373 455 bestimmt
1405 414 1699 456 verheiszen.''

269 496 354 536 Hic
401 508 557 549 rogare
600 494 730 534 velim
771 499 872 534 ante
914 492 1084 533 omnia:
1117 491 1383 532 Horatiusne
1415 492 1588 545 scripsit
1620 492 1703 532 hoc

210 586 369 627 poema
400 587 456 613 an
483 573 574 626 ipse
602 570 835 624 Princeps?
863 568 1053 610 Omnino
1071 569 1186 609 enim
1203 568 1329 621 fingit
1345 569 1410 608 vir
1427 569 1702 609 doctissimus

209 649 444 690 Horatium
477 649 600 702 quasi
633 660 894 701 praeconem
921 645 1052 686 fuisse
1079 645 1152 699 qui
1180 645 1377 685 versibus
1404 645 1703 699 promulgaret

209 725 402 779 Augusti
449 726 639 767 decreta.
685 748 739 753 —
783 723 870 765 Sed
912 723 1026 764 ultra
1067 721 1299 776 procedet:
1344 721 1519 771 „Assein
1562 723 1704 763 dieses

210 803 467 856 Programm
514 802 640 842 sollte
688 802 766 842 wie
809 801 900 842 dies
936 801 983 854 ja
1024 799 1137 841 auch
1179 806 1300 841 sonst
1332 799 1599 850 vorkommt,
1634 801 1704 840 die

211 879 458 920 Absichten
500 880 639 920 seines
678 878 902 920 Urhebers
934 877 1055 918 nicht
1088 877 1352 926 offenbaren‚
1385 877 1577 917 sondern
1609 890 1704 917 ver-

208 956 400 998 decken:
450 957 537 997 und
585 956 686 996 dass
728 969 773 996 es
816 955 973 996 keinen
1015 954 1221 994 weiteren
1254 952 1413 994 Zweck
1444 953 1582 1003 hatte,
1616 967 1705 993 war

209 1035 347 1076 durch
394 1035 479 1075 den
527 1034 666 1087 Krieg
707 1047 848 1087 gegen
890 1032 1112 1073 Antonius
1155 1032 1196 1072 in
1229 1031 1525 1085 unbequemer
1558 1031 1704 1071 Weise

203 1112 350 1166 jedem
393 1112 471 1152 der
507 1111 641 1152 sehen
673 1111 817 1151 wollte
850 1110 1065 1150 offenbart
1096 1108 1271 1149 worden
1276 1140 1404 1150 .....
1438 1108 1554 1148 Dass
1586 1108 1706 1148 nicht

208 1189 387 1243 wenige‚
437 1188 526 1229 und
572 1186 864 1228 vermuthlich
912 1186 1022 1227 eben
1068 1186 1139 1226 die
1185 1185 1569 1238 Thatkraftigsten
1616 1185 1705 1225 und

208 1267 278 1307 die
321 1272 543 1307 treuesten
585 1265 829 1318 Anhanger
870 1264 948 1304 der
989 1277 1127 1304 neuen
1160 1263 1485 1317 Monarchie(?)
1517 1263 1705 1304 daruber

207 1349 398 1385 stutzten
446 1343 503 1384 ist
549 1341 791 1383 zweifellos.
841 1365 895 1370 —
946 1341 1069 1381 Haec
1117 1341 1230 1381 iusto
1278 1341 1433 1381 fortius
1475 1340 1706 1381 affirmavit

209 1420 521 1461 Mommsenus.
555 1419 770 1460 Dubitare
797 1419 912 1458 enim
941 1424 1057 1458 recte
1084 1418 1180 1472 quis
1197 1418 1347 1470 possit,
1368 1431 1536 1458 memor
1553 1431 1704 1458 eorum

208 1511 319 1550 quae
368 1496 543 1538 Cassius
591 1496 676 1536 Dio
725 1496 810 1536 hoc
856 1496 951 1549 ipso
999 1508 1114 1535 anno
1161 1494 1278 1535 facta
1323 1508 1416 1534 esse
1459 1494 1640 1535 tradidit
1658 1492 1702 1546 l).

211 1580 326 1625 ,,το’τε
366 1579 448 1628 μὲν
490 1576 540 1628 δὴ
582 1580 712 1615 ταῦτα
754 1577 777 1614 ὁ
806 1575 1043 1626 Αὔγουστος
1081 1576 1238 1627 ἔπραξε
1267 1578 1339 1613 καὶ
1372 1574 1593 1627 ξώρμηὸσε
1623 1577 1705 1625 μὲν

207 1658 263 1703 ὡς
294 1659 366 1694 καὶ
400 1657 441 1703 ἐς
473 1659 546 1706 τὴν
577 1654 839 1708 Βρεττανίαν
871 1655 1148 1706 στρατεύσων,
1176 1654 1217 1700 ἐς
1246 1652 1291 1691 δὲ
1318 1652 1368 1704 δὴ
1395 1656 1467 1700 τὰς
1483 1653 1704 1700 Γαλατίας

206 1733 356 1772 ἐλθὼν
387 1732 578 1771 ἐνταῦθα
607 1731 880 1784 ἐνδιέτριψεν,
912 1730 1091 1769 Ἐκεῖνοί
1116 1744 1158 1769 τε
1184 1733 1264 1783 γὰρ
1281 1730 1704 1783 ἐπικηρυκεύσασθαι

207 1813 249 1849 οὶ
280 1809 470 1859 ἐδόκουν,
503 1814 575 1848 καὶ
608 1812 657 1848 τὰ
689 1811 845 1848 τούτων
876 1809 1144 1847 α’κατάστατα
1175 1809 1261 1846 ἔτι.
1284 1839 1320 1846 ..
1355 1805 1449 1858 ἦν”.

268 1885 340 1925 Ex
382 1885 540 1939 quibus
582 1891 765 1938 apparet
803 1883 993 1936 Augusti
1027 1882 1200 1922 firmum
1235 1881 1365 1922 fuisse
1396 1881 1623 1922 consilium
1657 1887 1704 1922 ut

208 1962 480 2003 Britanniam
528 1961 659 2015 idque
706 1960 826 2001 brevi
869 1960 1098 2000 subiceret.
1142 1958 1294 2013 Atque
1337 1972 1452 1998 anno
1493 1965 1703 2012 sequente

207 2040 414 2094 Augusto
461 2039 581 2089 VIII,
630 2045 674 2080 et
721 2037 894 2079 Statilio
943 2037 1091 2077 Tauro
1137 2036 1398 2086 consulibus,
1443 2036 1612 2085 iterum,
1656 2041 1704 2076 ut

207 2118 357 2159 scribit
403 2118 490 2158 Dio
508 2119 540 2171 2>
583 2121 683 2166 „cdv
723 2133 765 2158 τε
796 2118 1039 2168 Αὔγουστον
1070 2118 1111 2164 ἐς
1142 2120 1216 2168 τὴν
1247 2116 1509 2170 Βρεττανίαν
1540 2115 1703 2166 (ἐπειδὴ

205 2201 266 2249 μὴ
323 2197 551 2249 ἠθέλησαν
596 2193 882 2247 ὁμολογῆσαι)
929 2197 1275 2247 στρατευσείοντα
1321 2195 1529 2245 κάτεσχον
1574 2196 1621 2232 οἵ
1661 2207 1704 2232 τε

206 2274 449 2323 Σάλασσοι,
480 2274 791 2320 ἐπαναστάντες
823 2267 963 2322 αὐτῷ”
996 2282 1032 2309 e.
1053 2284 1095 2323 q.
1113 2283 1146 2309 s.

267 2348 407 2403 Atqui
440 2348 667 2389 Britannia
699 2348 754 2388 ab
787 2346 975 2387 Horatio
1003 2359 1089 2386 non
1117 2345 1258 2386 minus
1285 2350 1553 2385 memoratur
1570 2357 1702 2397 quam

208 2426 399 2466 Parthia.
430 2426 551 2479 Ergo
578 2438 663 2465 non
692 2424 916 2464 habebant
933 2422 1214 2463 monarchiae
1230 2421 1422 2463 fautores
1439 2434 1515 2462 cur
1531 2427 1700 2462 essent:

210 2503 449 2556 ,‚stutzig’'!
495 2502 580 2544 Sed
617 2501 894 2555 prosequitur
927 2500 1249 2540 Mommsenus:
1286 2499 1476 2548 „Diesen
1509 2498 1701 2539 Tadlern

207 2586 442 2621 antwortet
473 2579 568 2620 hier
600 2579 677 2619 der
710 2578 905 2619 Dichter.
940 2576 1086 2618 Schon
1118 2577 1161 2616 in
1193 2577 1294 2617 dem
1325 2589 1505 2629 grossen
1539 2575 1701 2616 dritten

260 2745 292 2789 1)
318 2743 374 2778 cf.
400 2743 497 2786 LIII,
523 2753 580 2778 22.

256 2822 293 2865 2)
319 2820 373 2855 Ib.
400 2820 497 2864 LIII,
523 2827 580 2865 25.
