<?xml version="1.0" encoding="UTF-8"?>
<!DOCTYPE html PUBLIC "-//W3C//DTD XHTML 1.0 Transitional//EN"
    "http://www.w3.org/TR/xhtml1/DTD/xhtml1-transitional.dtd">
<html xmlns="http://www.w3.org/1999/xhtml" xml:lang="en" lang="en">
 <head>
  <title>
</title>
<meta http-equiv="Content-Type" content="text/html;charset=utf-8" />
  <meta name='ocr-system' content='tesseract 3.04.00' />
  <meta name='ocr-capabilities' content='ocr_page ocr_carea ocr_par ocr_line ocrx_word'/>
</head>
<body>
  <div class='ocr_page' id='page_1' title='image "./disputatiocritic00slijuoft_0168.png"; bbox 0 0 1955 3157; ppageno 0'>
   <div class='ocr_carea' id='block_1_1' title="bbox 891 243 971 295">
    <p class='ocr_par' dir='ltr' id='par_1_1' title="bbox 891 243 971 295">
     <span class='ocr_line' id='line_1_1' title="bbox 891 243 971 295; baseline -0.013 -11"><span class='ocrx_word' id='word_1_1' title='bbox 891 243 971 295; x_wconf 84' lang='lat'>156</span> 
     </span>
    </p>
   </div>
   <div class='ocr_carea' id='block_1_2' title="bbox 190 370 1682 1651">
    <p class='ocr_par' dir='ltr' id='par_1_2' title="bbox 190 370 1679 816">
     <span class='ocr_line' id='line_1_2' title="bbox 191 370 1677 426; baseline -0.007 -6"><span class='ocrx_word' id='word_1_2' title='bbox 191 385 469 420; x_wconf 88' lang='lat' dir='ltr'>memoratur.</span> <span class='ocrx_word' id='word_1_3' title='bbox 489 378 589 418; x_wconf 92' lang='lat' dir='ltr'>Non</span> <span class='ocrx_word' id='word_1_4' title='bbox 607 377 740 417; x_wconf 90' lang='lat' dir='ltr'>miror</span> <span class='ocrx_word' id='word_1_5' title='bbox 757 373 1158 415; x_wconf 86' lang='lat' dir='ltr'>Domaszewskium</span> <span class='ocrx_word' id='word_1_6' title='bbox 1176 371 1370 426; x_wconf 90' lang='lat' dir='ltr'>aliosque</span> <span class='ocrx_word' id='word_1_7' title='bbox 1387 370 1490 412; x_wconf 91' lang='lat' dir='ltr'>illud</span> <span class='ocrx_word' id='word_1_8' title='bbox 1509 371 1677 421; x_wconf 92' lang='lat' dir='ltr'>„donec</span> 
     </span>
     <span class='ocr_line' id='line_1_3' title="bbox 191 438 1677 510; baseline -0.006 -13"><span class='ocrx_word' id='word_1_9' title='bbox 191 456 354 510; x_wconf 88' lang='lat' dir='ltr'>templa</span> <span class='ocrx_word' id='word_1_10' title='bbox 395 452 619 495; x_wconf 86' lang='lat' dir='ltr'>refeceris”</span> <span class='ocrx_word' id='word_1_11' title='bbox 664 453 706 493; x_wconf 90' lang='lat' dir='ltr'>in</span> <span class='ocrx_word' id='word_1_12' title='bbox 737 438 836 493; x_wconf 85' lang='lat' dir='ltr'>eam</span> <span class='ocrx_word' id='word_1_13' title='bbox 867 451 1129 492; x_wconf 85' lang='lat' dir='ltr'><strong>sententiam</strong></span> <span class='ocrx_word' id='word_1_14' title='bbox 1161 449 1427 503; x_wconf 86' lang='lat' dir='ltr'>explicasse;</span> <span class='ocrx_word' id='word_1_15' title='bbox 1459 461 1610 489; x_wconf 91' lang='lat' dir='ltr'>verum</span> <span class='ocrx_word' id='word_1_16' title='bbox 1641 448 1677 488; x_wconf 90' lang='lat' dir='ltr'>si</span> 
     </span>
     <span class='ocr_line' id='line_1_4' title="bbox 192 526 1678 586; baseline -0.006 -12"><span class='ocrx_word' id='word_1_17' title='bbox 192 534 400 586; x_wconf 91' lang='lat' dir='ltr'>pietatem</span> <span class='ocrx_word' id='word_1_18' title='bbox 442 532 483 572; x_wconf 91' lang='lat' dir='ltr'>in</span> <span class='ocrx_word' id='word_1_19' title='bbox 522 537 724 585; x_wconf 89' lang='lat' dir='ltr'>parentes</span> <span class='ocrx_word' id='word_1_20' title='bbox 756 542 930 584; x_wconf 91' lang='lat' dir='ltr'>quoque</span> <span class='ocrx_word' id='word_1_21' title='bbox 963 527 1030 569; x_wconf 90' lang='lat' dir='ltr'>vel</span> <span class='ocrx_word' id='word_1_22' title='bbox 1062 528 1105 568; x_wconf 92' lang='lat' dir='ltr'>in</span> <span class='ocrx_word' id='word_1_23' title='bbox 1138 527 1295 568; x_wconf 90' lang='lat' dir='ltr'>liberos</span> <span class='ocrx_word' id='word_1_24' title='bbox 1328 526 1551 567; x_wconf 87' lang='lat' dir='ltr'>laudatam</span> <span class='ocrx_word' id='word_1_25' title='bbox 1584 538 1678 566; x_wconf 89' lang='lat' dir='ltr'>esse</span> 
     </span>
     <span class='ocr_line' id='line_1_5' title="bbox 190 603 1679 664; baseline -0.005 -13"><span class='ocrx_word' id='word_1_26' title='bbox 190 610 438 664; x_wconf 84' lang='lat' dir='ltr'>perhibeas,</span> <span class='ocrx_word' id='word_1_27' title='bbox 470 609 625 650; x_wconf 89' lang='lat' dir='ltr'>merito</span> <span class='ocrx_word' id='word_1_28' title='bbox 657 606 802 648; x_wconf 92' lang='lat' dir='ltr'>hercle</span> <span class='ocrx_word' id='word_1_29' title='bbox 835 606 1021 660; x_wconf 85' lang='lat' dir='ltr'>requiro,</span> <span class='ocrx_word' id='word_1_30' title='bbox 1056 611 1103 646; x_wconf 92' lang='lat' dir='ltr'>ut</span> <span class='ocrx_word' id='word_1_31' title='bbox 1130 604 1281 645; x_wconf 89' lang='lat' dir='ltr'>leviter</span> <span class='ocrx_word' id='word_1_32' title='bbox 1309 603 1463 644; x_wconf 90' lang='lat' dir='ltr'>saltem</span> <span class='ocrx_word' id='word_1_33' title='bbox 1489 603 1679 656; x_wconf 87' lang='lat' dir='ltr'>attingat</span> 
     </span>
     <span class='ocr_line' id='line_1_6' title="bbox 190 678 1678 742; baseline -0.007 -13"><span class='ocrx_word' id='word_1_34' title='bbox 190 694 320 742; x_wconf 91' lang='lat' dir='ltr'>poeta</span> <span class='ocrx_word' id='word_1_35' title='bbox 375 686 566 740; x_wconf 83' lang='lat' dir='ltr'>Augusti</span> <span class='ocrx_word' id='word_1_36' title='bbox 623 684 942 736; x_wconf 83' lang='lat' dir='ltr'>excellentiam,</span> <span class='ocrx_word' id='word_1_37' title='bbox 992 681 1238 736; x_wconf 84' lang='lat' dir='ltr'>aequalium</span> <span class='ocrx_word' id='word_1_38' title='bbox 1285 679 1519 721; x_wconf 87' lang='lat' dir='ltr'>sceleribus</span> <span class='ocrx_word' id='word_1_39' title='bbox 1566 678 1678 720; x_wconf 87' lang='lat' dir='ltr'>adeo</span> 
     </span>
     <span class='ocr_line' id='line_1_7' title="bbox 190 758 1233 816; baseline -0.008 -11"><span class='ocrx_word' id='word_1_40' title='bbox 190 764 467 805; x_wconf 89' lang='lat' dir='ltr'>contrariam.</span> <span class='ocrx_word' id='word_1_41' title='bbox 502 762 641 816; x_wconf 88' lang='lat' dir='ltr'>Atqui</span> <span class='ocrx_word' id='word_1_42' title='bbox 665 761 853 814; x_wconf 78' lang='lat' dir='ltr'>frustra</span> <span class='ocrx_word' id='word_1_43' title='bbox 885 759 969 799; x_wconf 91' lang='lat' dir='ltr'>hoc</span> <span class='ocrx_word' id='word_1_44' title='bbox 1002 758 1233 812; x_wconf 87' lang='lat' dir='ltr'>requiram.</span> 
     </span>
    </p>

    <p class='ocr_par' dir='ltr' id='par_1_3' title="bbox 190 832 1682 1587">
     <span class='ocr_line' id='line_1_8' title="bbox 251 832 1679 888; baseline -0.007 -6"><span class='ocrx_word' id='word_1_45' title='bbox 251 841 322 881; x_wconf 85' lang='lat' dir='ltr'>Ex</span> <span class='ocrx_word' id='word_1_46' title='bbox 354 840 420 881; x_wconf 88' lang='lat' dir='ltr'>his</span> <span class='ocrx_word' id='word_1_47' title='bbox 453 840 655 880; x_wconf 90' lang='lat' dir='ltr'>omnibus</span> <span class='ocrx_word' id='word_1_48' title='bbox 686 838 869 878; x_wconf 85' lang='lat' dir='ltr'>efficitur</span> <span class='ocrx_word' id='word_1_49' title='bbox 897 835 1089 877; x_wconf 88' lang='lat' dir='ltr'>fabulam</span> <span class='ocrx_word' id='word_1_50' title='bbox 1118 834 1234 875; x_wconf 90' lang='lat' dir='ltr'>illam</span> <span class='ocrx_word' id='word_1_51' title='bbox 1263 833 1486 888; x_wconf 83' lang='lat' dir='ltr'>ingeniose</span> <span class='ocrx_word' id='word_1_52' title='bbox 1502 832 1679 887; x_wconf 86' lang='lat' dir='ltr'>quidem</span> 
     </span>
     <span class='ocr_line' id='line_1_9' title="bbox 190 910 1678 971; baseline -0.007 -12"><span class='ocrx_word' id='word_1_53' title='bbox 190 919 487 971; x_wconf 82' lang='lat' dir='ltr'>excogitatam</span> <span class='ocrx_word' id='word_1_54' title='bbox 531 916 709 969; x_wconf 85' lang='lat' dir='ltr'>dignam</span> <span class='ocrx_word' id='word_1_55' title='bbox 751 913 993 955; x_wconf 87' lang='lat' dir='ltr'>nullatenus</span> <span class='ocrx_word' id='word_1_56' title='bbox 1036 925 1129 952; x_wconf 87' lang='lat' dir='ltr'>esse</span> <span class='ocrx_word' id='word_1_57' title='bbox 1161 911 1229 951; x_wconf 87' lang='lat' dir='ltr'>cui</span> <span class='ocrx_word' id='word_1_58' title='bbox 1262 911 1393 951; x_wconf 89' lang='lat' dir='ltr'>fidem</span> <span class='ocrx_word' id='word_1_59' title='bbox 1425 910 1678 960; x_wconf 86' lang='lat' dir='ltr'>habeamus,</span> 
     </span>
     <span class='ocr_line' id='line_1_10' title="bbox 191 987 1681 1041; baseline -0.005 -6"><span class='ocrx_word' id='word_1_60' title='bbox 191 994 386 1035; x_wconf 84' lang='lat' dir='ltr'>Milesiae</span> <span class='ocrx_word' id='word_1_61' title='bbox 431 1007 536 1034; x_wconf 89' lang='lat' dir='ltr'>vero</span> <span class='ocrx_word' id='word_1_62' title='bbox 577 993 713 1033; x_wconf 89' lang='lat' dir='ltr'>instar</span> <span class='ocrx_word' id='word_1_63' title='bbox 755 1004 861 1031; x_wconf 88' lang='lat' dir='ltr'>esse.</span> <span class='ocrx_word' id='word_1_64' title='bbox 896 989 1035 1030; x_wconf 89' lang='lat' dir='ltr'>Multa</span> <span class='ocrx_word' id='word_1_65' title='bbox 1067 1002 1169 1029; x_wconf 90' lang='lat' dir='ltr'>sane</span> <span class='ocrx_word' id='word_1_66' title='bbox 1201 994 1301 1029; x_wconf 92' lang='lat' dir='ltr'>sunt</span> <span class='ocrx_word' id='word_1_67' title='bbox 1335 988 1377 1028; x_wconf 89' lang='lat' dir='ltr'>in</span> <span class='ocrx_word' id='word_1_68' title='bbox 1409 987 1681 1041; x_wconf 86' lang='lat' dir='ltr'>antiquitatis</span> 
     </span>
     <span class='ocr_line' id='line_1_11' title="bbox 191 1063 1680 1124; baseline -0.006 -12"><span class='ocrx_word' id='word_1_69' title='bbox 191 1072 374 1112; x_wconf 85' lang='lat' dir='ltr'>historia</span> <span class='ocrx_word' id='word_1_70' title='bbox 425 1083 538 1124; x_wconf 90' lang='lat' dir='ltr'>quae</span> <span class='ocrx_word' id='word_1_71' title='bbox 585 1083 670 1109; x_wconf 88' lang='lat' dir='ltr'>uno</span> <span class='ocrx_word' id='word_1_72' title='bbox 717 1074 888 1109; x_wconf 89' lang='lat' dir='ltr'>tantum</span> <span class='ocrx_word' id='word_1_73' title='bbox 936 1072 1114 1107; x_wconf 88' lang='lat' dir='ltr'>auctore</span> <span class='ocrx_word' id='word_1_74' title='bbox 1161 1065 1392 1118; x_wconf 84' lang='lat' dir='ltr'>credimus,</span> <span class='ocrx_word' id='word_1_75' title='bbox 1439 1063 1680 1104; x_wconf 92' lang='lat' dir='ltr'>dummodo</span> 
     </span>
     <span class='ocr_line' id='line_1_12' title="bbox 192 1140 1680 1198; baseline -0.006 -9"><span class='ocrx_word' id='word_1_76' title='bbox 192 1148 296 1189; x_wconf 90' lang='lat' dir='ltr'>nihil</span> <span class='ocrx_word' id='word_1_77' title='bbox 338 1149 379 1188; x_wconf 90' lang='lat' dir='ltr'>in</span> <span class='ocrx_word' id='word_1_78' title='bbox 424 1148 473 1187; x_wconf 90' lang='lat' dir='ltr'>iis</span> <span class='ocrx_word' id='word_1_79' title='bbox 510 1146 766 1194; x_wconf 89' lang='lat' dir='ltr'>inveniatur,</span> <span class='ocrx_word' id='word_1_80' title='bbox 800 1143 920 1198; x_wconf 92' lang='lat' dir='ltr'>quod</span> <span class='ocrx_word' id='word_1_81' title='bbox 953 1143 1082 1184; x_wconf 93' lang='lat' dir='ltr'>rebus</span> <span class='ocrx_word' id='word_1_82' title='bbox 1115 1148 1327 1196; x_wconf 86' lang='lat' dir='ltr'>repugnet</span> <span class='ocrx_word' id='word_1_83' title='bbox 1360 1140 1532 1181; x_wconf 89' lang='lat' dir='ltr'>aliunde</span> <span class='ocrx_word' id='word_1_84' title='bbox 1564 1146 1680 1182; x_wconf 91' lang='lat' dir='ltr'>certe</span> 
     </span>
     <span class='ocr_line' id='line_1_13' title="bbox 192 1218 1680 1279; baseline -0.006 -13"><span class='ocrx_word' id='word_1_85' title='bbox 192 1226 390 1279; x_wconf 83' lang='lat' dir='ltr'>cognitis.</span> <span class='ocrx_word' id='word_1_86' title='bbox 430 1224 597 1264; x_wconf 91' lang='lat' dir='ltr'>Maiore</span> <span class='ocrx_word' id='word_1_87' title='bbox 629 1223 761 1263; x_wconf 92' lang='lat' dir='ltr'>etiam</span> <span class='ocrx_word' id='word_1_88' title='bbox 793 1220 1182 1274; x_wconf 88' lang='lat' dir='ltr'>circumspectione</span> <span class='ocrx_word' id='word_1_89' title='bbox 1213 1233 1323 1272; x_wconf 90' lang='lat' dir='ltr'>opus</span> <span class='ocrx_word' id='word_1_90' title='bbox 1356 1232 1450 1259; x_wconf 90' lang='lat' dir='ltr'>esse</span> <span class='ocrx_word' id='word_1_91' title='bbox 1482 1218 1614 1258; x_wconf 90' lang='lat' dir='ltr'>credo</span> <span class='ocrx_word' id='word_1_92' title='bbox 1646 1218 1680 1257; x_wconf 90' lang='lat' dir='ltr'>si</span> 
     </span>
     <span class='ocr_line' id='line_1_14' title="bbox 192 1295 1680 1356; baseline -0.006 -13"><span class='ocrx_word' id='word_1_93' title='bbox 192 1303 355 1344; x_wconf 89' lang='lat' dir='ltr'>factum</span> <span class='ocrx_word' id='word_1_94' title='bbox 387 1301 611 1356; x_wconf 88' lang='lat' dir='ltr'>quoddam</span> <span class='ocrx_word' id='word_1_95' title='bbox 644 1313 700 1339; x_wconf 84' lang='lat' dir='ltr'>ex</span> <span class='ocrx_word' id='word_1_96' title='bbox 728 1298 922 1339; x_wconf 88' lang='lat' dir='ltr'>versibus</span> <span class='ocrx_word' id='word_1_97' title='bbox 949 1303 1121 1338; x_wconf 91' lang='lat' dir='ltr'>tantum</span> <span class='ocrx_word' id='word_1_98' title='bbox 1148 1296 1383 1336; x_wconf 89' lang='lat' dir='ltr'>hauriatur.</span> <span class='ocrx_word' id='word_1_99' title='bbox 1415 1295 1566 1349; x_wconf 91' lang='lat' dir='ltr'>Atque</span> <span class='ocrx_word' id='word_1_100' title='bbox 1583 1295 1680 1343; x_wconf 90' lang='lat' dir='ltr'>hoc,</span> 
     </span>
     <span class='ocr_line' id='line_1_15' title="bbox 192 1372 1679 1434; baseline -0.006 -14"><span class='ocrx_word' id='word_1_101' title='bbox 192 1379 310 1434; x_wconf 92' lang='lat' dir='ltr'>quod</span> <span class='ocrx_word' id='word_1_102' title='bbox 336 1379 418 1419; x_wconf 90' lang='lat' dir='ltr'>sibi</span> <span class='ocrx_word' id='word_1_103' title='bbox 445 1376 782 1431; x_wconf 86' lang='lat' dir='ltr'>deprehendisse</span> <span class='ocrx_word' id='word_1_104' title='bbox 799 1376 971 1416; x_wconf 91' lang='lat' dir='ltr'>videtur</span> <span class='ocrx_word' id='word_1_105' title='bbox 988 1375 1053 1415; x_wconf 90' lang='lat' dir='ltr'>vir</span> <span class='ocrx_word' id='word_1_106' title='bbox 1069 1374 1224 1415; x_wconf 90' lang='lat' dir='ltr'>doctus</span> <span class='ocrx_word' id='word_1_107' title='bbox 1242 1374 1284 1413; x_wconf 92' lang='lat' dir='ltr'>in</span> <span class='ocrx_word' id='word_1_108' title='bbox 1301 1373 1396 1413; x_wconf 88' lang='lat' dir='ltr'>odis</span> <span class='ocrx_word' id='word_1_109' title='bbox 1414 1372 1679 1421; x_wconf 88' lang='lat' dir='ltr'>Horatianis,</span> 
     </span>
     <span class='ocr_line' id='line_1_16' title="bbox 193 1448 1682 1507; baseline -0.005 -11"><span class='ocrx_word' id='word_1_110' title='bbox 193 1457 370 1496; x_wconf 88' lang='lat' dir='ltr'>finxisse</span> <span class='ocrx_word' id='word_1_111' title='bbox 426 1468 524 1495; x_wconf 89' lang='lat' dir='ltr'>eum</span> <span class='ocrx_word' id='word_1_112' title='bbox 582 1454 726 1507; x_wconf 91' lang='lat' dir='ltr'>potius</span> <span class='ocrx_word' id='word_1_113' title='bbox 772 1466 904 1507; x_wconf 88' lang='lat' dir='ltr'>quam</span> <span class='ocrx_word' id='word_1_114' title='bbox 953 1452 1163 1505; x_wconf 89' lang='lat' dir='ltr'>reperisse</span> <span class='ocrx_word' id='word_1_115' title='bbox 1211 1449 1435 1498; x_wconf 86' lang='lat' dir='ltr'>concedet,</span> <span class='ocrx_word' id='word_1_116' title='bbox 1487 1448 1682 1503; x_wconf 91' lang='lat' dir='ltr'>quisquis</span> 
     </span>
     <span class='ocr_line' id='line_1_17' title="bbox 192 1526 1678 1587; baseline -0.005 -14"><span class='ocrx_word' id='word_1_117' title='bbox 192 1534 322 1587; x_wconf 81' lang='lat' dir='ltr'>ipsos,</span> <span class='ocrx_word' id='word_1_118' title='bbox 356 1532 410 1572; x_wconf 92' lang='lat' dir='ltr'>de</span> <span class='ocrx_word' id='word_1_119' title='bbox 440 1531 597 1586; x_wconf 90' lang='lat' dir='ltr'>quibus</span> <span class='ocrx_word' id='word_1_120' title='bbox 630 1531 877 1584; x_wconf 89' lang='lat' dir='ltr'>disputatur</span> <span class='ocrx_word' id='word_1_121' title='bbox 909 1529 1028 1570; x_wconf 89' lang='lat' dir='ltr'>locos</span> <span class='ocrx_word' id='word_1_122' title='bbox 1061 1528 1291 1581; x_wconf 91' lang='lat' dir='ltr'>diligenter</span> <span class='ocrx_word' id='word_1_123' title='bbox 1324 1526 1678 1567; x_wconf 88' lang='lat' dir='ltr'>consideraverit.</span> 
     </span>
    </p>

    <p class='ocr_par' dir='ltr' id='par_1_4' title="bbox 255 1603 1517 1651">
     <span class='ocr_line' id='line_1_18' title="bbox 255 1603 1517 1651; baseline -0.006 -1"><span class='ocrx_word' id='word_1_124' title='bbox 255 1610 418 1651; x_wconf 87' lang='lat' dir='ltr'>Verum</span> <span class='ocrx_word' id='word_1_125' title='bbox 450 1609 536 1649; x_wconf 87' lang='lat' dir='ltr'>iam</span> <span class='ocrx_word' id='word_1_126' title='bbox 568 1608 694 1648; x_wconf 88' lang='lat' dir='ltr'>nimis</span> <span class='ocrx_word' id='word_1_127' title='bbox 726 1607 799 1647; x_wconf 90' lang='lat' dir='ltr'>diu</span> <span class='ocrx_word' id='word_1_128' title='bbox 831 1607 1039 1648; x_wconf 90' lang='lat' dir='ltr'>lectorem</span> <span class='ocrx_word' id='word_1_129' title='bbox 1073 1606 1114 1646; x_wconf 92' lang='lat' dir='ltr'>in</span> <span class='ocrx_word' id='word_1_130' title='bbox 1148 1605 1230 1646; x_wconf 90' lang='lat' dir='ltr'>hac</span> <span class='ocrx_word' id='word_1_131' title='bbox 1262 1617 1307 1644; x_wconf 92' lang='lat' dir='ltr'>re</span> <span class='ocrx_word' id='word_1_132' title='bbox 1339 1603 1517 1645; x_wconf 90' lang='lat' dir='ltr'>detinui.</span> 
     </span>
    </p>
   </div>
   <div class='ocr_carea' id='block_1_3' title="bbox 366 1750 1513 1866">
    <p class='ocr_par' dir='ltr' id='par_1_5' title="bbox 366 1750 1513 1866">
     <span class='ocr_line' id='line_1_19' title="bbox 366 1750 1513 1804; baseline -0.005 -13"><span class='ocrx_word' id='word_1_133' title='bbox 366 1752 446 1804; x_wconf 75' lang='lat'>§4</span> <span class='ocrx_word' id='word_1_134' title='bbox 480 1750 626 1792; x_wconf 85' lang='lat' dir='ltr'>SITNE</span> <span class='ocrx_word' id='word_1_135' title='bbox 659 1758 857 1790; x_wconf 87' lang='lat' dir='ltr'><strong>CARMEN</strong></span> <span class='ocrx_word' id='word_1_136' title='bbox 890 1756 986 1789; x_wconf 84' lang='lat' dir='ltr'>Hoc</span> <span class='ocrx_word' id='word_1_137' title='bbox 1019 1755 1187 1788; x_wconf 86' lang='lat' dir='ltr'>PUERIS</span> <span class='ocrx_word' id='word_1_138' title='bbox 1220 1754 1513 1795; x_wconf 79' lang='lat' dir='ltr'>PUELLISQUE</span> 
     </span>
     <span class='ocr_line' id='line_1_20' title="bbox 688 1833 1193 1866; baseline 0 0"><span class='ocrx_word' id='word_1_139' title='bbox 688 1835 899 1866; x_wconf 85' lang='lat' dir='ltr'><strong>INEPTUM</strong></span> <span class='ocrx_word' id='word_1_140' title='bbox 931 1833 1193 1866; x_wconf 84' lang='lat' dir='ltr'>DICENDUM.</span> 
     </span>
    </p>
   </div>
   <div class='ocr_carea' id='block_1_4' title="bbox 192 1923 1685 2752">
    <p class='ocr_par' dir='ltr' id='par_1_6' title="bbox 194 1923 1684 2125">
     <span class='ocr_line' id='line_1_21' title="bbox 254 1923 1683 1982; baseline -0.005 -12"><span class='ocrx_word' id='word_1_141' title='bbox 254 1928 507 1982; x_wconf 88' lang='lat' dir='ltr'>Antequam</span> <span class='ocrx_word' id='word_1_142' title='bbox 564 1934 726 1980; x_wconf 83' lang='lat' dir='ltr'>tamen⁷</span> <span class='ocrx_word' id='word_1_143' title='bbox 780 1940 892 1980; x_wconf 91' lang='lat' dir='ltr'>quae</span> <span class='ocrx_word' id='word_1_144' title='bbox 939 1926 1124 1967; x_wconf 90' lang='lat' dir='ltr'>sentiam</span> <span class='ocrx_word' id='word_1_145' title='bbox 1173 1937 1416 1978; x_wconf 90' lang='lat' dir='ltr'>proponam</span> <span class='ocrx_word' id='word_1_146' title='bbox 1465 1923 1683 1977; x_wconf 88' lang='lat' dir='ltr'>finemque</span> 
     </span>
     <span class='ocr_line' id='line_1_22' title="bbox 195 2001 1684 2059; baseline -0.005 -12"><span class='ocrx_word' id='word_1_147' title='bbox 195 2006 293 2046; x_wconf 89' lang='lat' dir='ltr'>huic</span> <span class='ocrx_word' id='word_1_148' title='bbox 350 2005 657 2059; x_wconf 87' lang='lat' dir='ltr'>disputationis</span> <span class='ocrx_word' id='word_1_149' title='bbox 715 2004 828 2058; x_wconf 91' lang='lat' dir='ltr'>parti</span> <span class='ocrx_word' id='word_1_150' title='bbox 875 2003 1032 2044; x_wconf 88' lang='lat' dir='ltr'>faciam</span> <span class='ocrx_word' id='word_1_151' title='bbox 1079 2003 1166 2043; x_wconf 90' lang='lat' dir='ltr'>duo</span> <span class='ocrx_word' id='word_1_152' title='bbox 1214 2001 1343 2042; x_wconf 91' lang='lat' dir='ltr'>velim</span> <span class='ocrx_word' id='word_1_153' title='bbox 1391 2001 1684 2054; x_wconf 87' lang='lat' dir='ltr'>perstringere</span> 
     </span>
     <span class='ocr_line' id='line_1_23' title="bbox 194 2083 515 2125; baseline -0.009 0"><span class='ocrx_word' id='word_1_154' title='bbox 194 2083 515 2125; x_wconf 84' lang='lat' dir='ltr'>tantummodo.</span> 
     </span>
    </p>

    <p class='ocr_par' dir='ltr' id='par_1_7' title="bbox 192 2154 1685 2752">
     <span class='ocr_line' id='line_1_24' title="bbox 256 2154 1684 2213; baseline -0.005 -12"><span class='ocrx_word' id='word_1_155' title='bbox 256 2161 445 2201; x_wconf 91' lang='lat' dir='ltr'>Primum</span> <span class='ocrx_word' id='word_1_156' title='bbox 479 2165 544 2201; x_wconf 87' lang='lat' dir='ltr'>est</span> <span class='ocrx_word' id='word_1_157' title='bbox 575 2159 694 2213; x_wconf 92' lang='lat' dir='ltr'>quod</span> <span class='ocrx_word' id='word_1_158' title='bbox 728 2158 1053 2211; x_wconf 89' lang='lat' dir='ltr'>Rosenbergius</span> <span class='ocrx_word' id='word_1_159' title='bbox 1071 2158 1116 2210; x_wconf 85' lang='lat'>1),</span> <span class='ocrx_word' id='word_1_160' title='bbox 1146 2155 1503 2196; x_wconf 87' lang='lat' dir='ltr'>Domaszewskio</span> <span class='ocrx_word' id='word_1_161' title='bbox 1530 2154 1684 2195; x_wconf 92' lang='lat' dir='ltr'>adver-</span> 
     </span>
     <span class='ocr_line' id='line_1_25' title="bbox 196 2232 1683 2286; baseline -0.005 -8"><span class='ocrx_word' id='word_1_162' title='bbox 196 2244 339 2278; x_wconf 90' lang='lat' dir='ltr'>satus:</span> <span class='ocrx_word' id='word_1_163' title='bbox 374 2236 729 2286; x_wconf 88' lang='lat' dir='ltr'>„Domaszewski</span> <span class='ocrx_word' id='word_1_164' title='bbox 761 2236 854 2276; x_wconf 75' lang='lat' dir='ltr'>halt</span> <span class='ocrx_word' id='word_1_165' title='bbox 884 2235 955 2275; x_wconf 91' lang='lat' dir='ltr'>die</span> <span class='ocrx_word' id='word_1_166' title='bbox 982 2233 1078 2275; x_wconf 91' lang='lat' dir='ltr'>Ode</span> <span class='ocrx_word' id='word_1_167' title='bbox 1114 2246 1146 2274; x_wconf 94' lang='lat'>1.</span> <span class='ocrx_word' id='word_1_168' title='bbox 1177 2233 1264 2274; x_wconf 90' lang='lat' dir='ltr'>und</span> <span class='ocrx_word' id='word_1_169' title='bbox 1282 2233 1321 2273; x_wconf 87' lang='lat'>6.</span> <span class='ocrx_word' id='word_1_170' title='bbox 1340 2232 1407 2273; x_wconf 76' lang='lat' dir='ltr'>fur</span> <span class='ocrx_word' id='word_1_171' title='bbox 1425 2233 1683 2282; x_wconf 78' lang='lat' dir='ltr'>Paranesen,</span> 
     </span>
     <span class='ocr_line' id='line_1_26' title="bbox 192 2309 1684 2367; baseline -0.004 -12"><span class='ocrx_word' id='word_1_172' title='bbox 192 2315 291 2367; x_wconf 86' lang='lat' dir='ltr'>jene</span> <span class='ocrx_word' id='word_1_173' title='bbox 339 2314 405 2354; x_wconf 74' lang='lat' dir='ltr'>fur</span> <span class='ocrx_word' id='word_1_174' title='bbox 452 2314 520 2354; x_wconf 91' lang='lat' dir='ltr'>die</span> <span class='ocrx_word' id='word_1_175' title='bbox 569 2313 773 2364; x_wconf 80' lang='lat' dir='ltr'>Knaben,</span> <span class='ocrx_word' id='word_1_176' title='bbox 815 2312 933 2352; x_wconf 90' lang='lat' dir='ltr'>diese</span> <span class='ocrx_word' id='word_1_177' title='bbox 975 2311 1043 2351; x_wconf 76' lang='lat' dir='ltr'>fur</span> <span class='ocrx_word' id='word_1_178' title='bbox 1074 2311 1143 2351; x_wconf 92' lang='lat' dir='ltr'>die</span> <span class='ocrx_word' id='word_1_179' title='bbox 1176 2309 1416 2350; x_wconf 79' lang='lat' dir='ltr'>Madchen!</span> <span class='ocrx_word' id='word_1_180' title='bbox 1452 2309 1491 2350; x_wconf 94' lang='lat' dir='ltr'>O</span> <span class='ocrx_word' id='word_1_181' title='bbox 1524 2309 1604 2349; x_wconf 91' lang='lat' dir='ltr'>wie</span> <span class='ocrx_word' id='word_1_182' title='bbox 1634 2321 1684 2349; x_wconf 90' lang='lat' dir='ltr'>so</span> 
     </span>
     <span class='ocr_line' id='line_1_27' title="bbox 197 2385 1684 2444; baseline -0.005 -12"><span class='ocrx_word' id='word_1_183' title='bbox 197 2405 277 2444; x_wconf 84' lang='lat' dir='ltr'>gar</span> <span class='ocrx_word' id='word_1_184' title='bbox 319 2391 439 2432; x_wconf 91' lang='lat' dir='ltr'>nicht</span> <span class='ocrx_word' id='word_1_185' title='bbox 480 2396 600 2444; x_wconf 91' lang='lat' dir='ltr'>passt</span> <span class='ocrx_word' id='word_1_186' title='bbox 638 2389 778 2430; x_wconf 90' lang='lat' dir='ltr'>dieser</span> <span class='ocrx_word' id='word_1_187' title='bbox 811 2387 1071 2437; x_wconf 85' lang='lat' dir='ltr'>„Rahmen”</span> <span class='ocrx_word' id='word_1_188' title='bbox 1106 2387 1249 2428; x_wconf 89' lang='lat' dir='ltr'>weder</span> <span class='ocrx_word' id='word_1_189' title='bbox 1282 2386 1348 2426; x_wconf 75' lang='lat' dir='ltr'>fur</span> <span class='ocrx_word' id='word_1_190' title='bbox 1380 2386 1449 2426; x_wconf 93' lang='lat' dir='ltr'>die</span> <span class='ocrx_word' id='word_1_191' title='bbox 1480 2385 1684 2434; x_wconf 88' lang='lat' dir='ltr'>Knaben,</span> 
     </span>
     <span class='ocr_line' id='line_1_28' title="bbox 198 2462 1683 2516; baseline -0.004 -8"><span class='ocrx_word' id='word_1_192' title='bbox 198 2468 266 2508; x_wconf 88' lang='lat' dir='ltr'>die</span> <span class='ocrx_word' id='word_1_193' title='bbox 315 2467 427 2508; x_wconf 91' lang='lat' dir='ltr'>noch</span> <span class='ocrx_word' id='word_1_194' title='bbox 470 2468 610 2508; x_wconf 86' lang='lat' dir='ltr'>nichts</span> <span class='ocrx_word' id='word_1_195' title='bbox 653 2480 738 2506; x_wconf 90' lang='lat' dir='ltr'>von</span> <span class='ocrx_word' id='word_1_196' title='bbox 781 2466 859 2506; x_wconf 91' lang='lat' dir='ltr'>der</span> <span class='ocrx_word' id='word_1_197' title='bbox 891 2471 986 2505; x_wconf 90' lang='lat' dir='ltr'>atra</span> <span class='ocrx_word' id='word_1_198' title='bbox 1017 2478 1120 2505; x_wconf 88' lang='lat' dir='ltr'>cura</span> <span class='ocrx_word' id='word_1_199' title='bbox 1152 2465 1295 2504; x_wconf 92' lang='lat' dir='ltr'>ahnen</span> <span class='ocrx_word' id='word_1_200' title='bbox 1328 2462 1416 2503; x_wconf 93' lang='lat' dir='ltr'>und</span> <span class='ocrx_word' id='word_1_201' title='bbox 1448 2462 1683 2516; x_wconf 88' lang='lat' dir='ltr'>begreifen,</span> 
     </span>
     <span class='ocr_line' id='line_1_29' title="bbox 198 2538 1684 2592; baseline -0.003 -8"><span class='ocrx_word' id='word_1_202' title='bbox 198 2544 312 2584; x_wconf 90' lang='lat' dir='ltr'>noch</span> <span class='ocrx_word' id='word_1_203' title='bbox 360 2544 427 2584; x_wconf 72' lang='lat' dir='ltr'>fur</span> <span class='ocrx_word' id='word_1_204' title='bbox 473 2544 542 2584; x_wconf 90' lang='lat' dir='ltr'>die</span> <span class='ocrx_word' id='word_1_205' title='bbox 588 2543 805 2583; x_wconf 78' lang='lat' dir='ltr'>Madchen</span> <span class='ocrx_word' id='word_1_206' title='bbox 852 2542 992 2582; x_wconf 89' lang='lat' dir='ltr'>denen</span> <span class='ocrx_word' id='word_1_207' title='bbox 1039 2541 1109 2581; x_wconf 92' lang='lat' dir='ltr'>die</span> <span class='ocrx_word' id='word_1_208' title='bbox 1153 2539 1427 2592; x_wconf 85' lang='lat' dir='ltr'>Zolasche(!)</span> <span class='ocrx_word' id='word_1_209' title='bbox 1472 2538 1684 2580; x_wconf 74' lang='lat' dir='ltr'>Gemalde</span> 
     </span>
     <span class='ocr_line' id='line_1_30' title="bbox 199 2616 1684 2674; baseline -0.004 -13"><span class='ocrx_word' id='word_1_210' title='bbox 199 2621 360 2674; x_wconf 89' lang='lat' dir='ltr'>gerade</span> <span class='ocrx_word' id='word_1_211' title='bbox 393 2636 442 2661; x_wconf 88' lang='lat' dir='ltr'>zu</span> <span class='ocrx_word' id='word_1_212' title='bbox 470 2620 562 2661; x_wconf 90' lang='lat' dir='ltr'>Gift</span> <span class='ocrx_word' id='word_1_213' title='bbox 588 2619 775 2660; x_wconf 72' lang='lat' dir='ltr'>waren.&#39;&#39;</span> <span class='ocrx_word' id='word_1_214' title='bbox 805 2618 881 2658; x_wconf 92' lang='lat' dir='ltr'>Ad</span> <span class='ocrx_word' id='word_1_215' title='bbox 898 2618 1006 2658; x_wconf 90' lang='lat' dir='ltr'>haec</span> <span class='ocrx_word' id='word_1_216' title='bbox 1023 2617 1322 2658; x_wconf 89' lang='lat' dir='ltr'>annotandum</span> <span class='ocrx_word' id='word_1_217' title='bbox 1341 2616 1475 2656; x_wconf 88' lang='lat' dir='ltr'>duco:</span> <span class='ocrx_word' id='word_1_218' title='bbox 1496 2616 1684 2669; x_wconf 92' lang='lat' dir='ltr'>primum</span> 
     </span>
     <span class='ocr_line' id='line_1_31' title="bbox 200 2692 1685 2752; baseline -0.005 -14"><span class='ocrx_word' id='word_1_219' title='bbox 200 2711 286 2738; x_wconf 91' lang='lat' dir='ltr'>non</span> <span class='ocrx_word' id='word_1_220' title='bbox 312 2698 461 2752; x_wconf 88' lang='lat' dir='ltr'>utique</span> <span class='ocrx_word' id='word_1_221' title='bbox 489 2697 673 2738; x_wconf 89' lang='lat' dir='ltr'>infantes</span> <span class='ocrx_word' id='word_1_222' title='bbox 697 2702 926 2737; x_wconf 88' lang='lat' dir='ltr'>semestres</span> <span class='ocrx_word' id='word_1_223' title='bbox 944 2701 1163 2748; x_wconf 89' lang='lat' dir='ltr'>spectasse</span> <span class='ocrx_word' id='word_1_224' title='bbox 1181 2700 1372 2747; x_wconf 88' lang='lat' dir='ltr'>poetam,</span> <span class='ocrx_word' id='word_1_225' title='bbox 1390 2693 1492 2733; x_wconf 91' lang='lat' dir='ltr'>dein</span> <span class='ocrx_word' id='word_1_226' title='bbox 1507 2692 1685 2732; x_wconf 90' lang='lat' dir='ltr'>omnino</span> 
     </span>
    </p>
   </div>
   <div class='ocr_carea' id='block_1_5' title="bbox 253 2847 800 2893">
    <p class='ocr_par' dir='ltr' id='par_1_8' title="bbox 253 2847 800 2893">
     <span class='ocr_line' id='line_1_32' title="bbox 253 2847 800 2893; baseline -0.004 -10"><span class='ocrx_word' id='word_1_227' title='bbox 253 2850 284 2892; x_wconf 89' lang='lat'>1)</span> <span class='ocrx_word' id='word_1_228' title='bbox 310 2848 360 2883; x_wconf 87' lang='lat'>1.1.</span> <span class='ocrx_word' id='word_1_229' title='bbox 386 2859 471 2893; x_wconf 88' lang='lat' dir='ltr'>pag.</span> <span class='ocrx_word' id='word_1_230' title='bbox 499 2857 541 2890; x_wconf 91' lang='lat'>27</span> <span class='ocrx_word' id='word_1_231' title='bbox 568 2848 605 2882; x_wconf 89' lang='lat' dir='ltr'>in</span> <span class='ocrx_word' id='word_1_232' title='bbox 632 2847 800 2893; x_wconf 86' lang='lat' dir='ltr'>Epilogo.</span> 
     </span>
    </p>
   </div>
  </div>
 </body>
</html>
