1955 3157
953 244 1006 295 38

226 372 518 414 Nihilominus
566 374 608 413 in
655 373 793 414 altera
840 373 922 414 hac
964 373 1050 414 oda
1091 373 1204 414 adeo
1247 378 1399 426 aperte
1441 371 1641 425 peccavit
1673 375 1720 412 ut

226 450 368 490 omnis
399 450 616 491 dubitatio
649 450 839 493 tollatur.

287 527 462 568 Etenim
495 527 625 580 Tyrt.
660 528 709 568 fr.
751 539 814 569 10.
854 527 1191 582 1—1egimusl):

463 644 699 690 amau-§vac
724 645 796 691 γὰρ
823 644 946 679 καλὸν
972 646 1031 679 ἐνὶ
1057 645 1294 690 προμάχοισι
1321 644 1485 677 πεσόντα

465 703 726 750 ἄνδρ’ἀγαθὸν
752 705 841 749 περὶ
866 705 889 749 ἦ
917 703 1071 749 πατρίδι
1096 703 1358 749 μαρνάμενον.

289 806 423 846 Porro
455 819 535 860 pro

584 898 698 933 'mors
723 904 759 933 et
785 898 959 942 fugacem
985 898 1221 944 persequitur
1248 898 1381 932 virum'

230 995 346 1050 apud
379 995 650 1037 Simonidem
684 994 867 1048 legimus
886 994 932 1047 2>.

465 1098 510 1134 Ὃ
538 1099 622 1134 ὄάὗ
648 1099 816 1142 θάνατος
841 1102 926 1145 κίχε
951 1101 1016 1134 καὶ
1042 1100 1106 1133 τὸν
1132 1100 1372 1145 φυγόμαχον.

289 1200 501 1255 Quamvis
547 1215 633 1241 non
680 1201 822 1242 desint
871 1201 1119 1254 scriptores,
1166 1201 1240 1255 qui
1290 1200 1332 1240 in
1377 1200 1506 1240 rebus
1547 1213 1722 1254 quoque

231 1279 408 1319 minime
450 1278 593 1319 dubiis
631 1278 942 1332 disputandum
975 1292 1070 1318 esse
1101 1278 1281 1318 credant
1313 1278 1598 1331 negarintque
1630 1290 1724 1317 esse

231 1370 379 1397 verum
423 1380 481 1386 —
521 1355 641 1410 quod
685 1356 906 1397 Bentleius
948 1356 1117 1396 notavit
1154 1380 1212 1385 —
1244 1355 1478 1396 Horatium
1511 1354 1595 1394 hoc
1626 1353 1723 1394 loco

231 1434 412 1474 verbum
440 1433 494 1473 de
521 1434 655 1473 verbo
684 1433 924 1473 reddidisse
952 1446 1102 1473 versus
1130 1431 1337 1486 Graecos,
1359 1445 1519 1485 operae
1536 1431 1723 1484 pretium

232 1524 318 1551 non
350 1524 444 1551 esse
476 1510 682 1551 existimo
714 1516 761 1550 ut
793 1510 964 1563 longius
997 1510 1051 1550 de
1084 1510 1166 1550 hac
1198 1523 1243 1550 re
1274 1509 1551 1550 disseramus

291 1587 426 1628 Aliud
472 1587 578 1641 quid
625 1586 974 1627 animadvertere
1021 1586 1241 1640 percupio,
1291 1585 1410 1640 quod
1457 1598 1724 1639 magnopere

234 1664 366 1704 miror
419 1677 488 1704 me
535 1664 729 1704 nondum
778 1664 1017 1704 indicatum
1066 1663 1302 1704 invenisse:
1352 1669 1508 1716 poetae
1548 1662 1725 1703 consilio

234 1803 398 1838 verbave
420 1815 505 1838 cum
528 1804 681 1838 Graecis
704 1815 927 1850 comparans
942 1804 1131 1849 exemplis.
1147 1805 1282 1837 Nonne
1296 1803 1424 1837 ludere
1438 1814 1524 1837 eum
1538 1801 1726 1837 credimus

234 1863 298 1897 ubi
323 1864 416 1898 haec
442 1864 538 1897 inter
563 1864 637 1898 alia
663 1863 783 1897 multa
809 1863 966 1908 prodere
991 1874 1104 1897 ausus
1129 1868 1202 1897 est:
1229 1873 1313 1908 pag.
1341 1861 1396 1906 36.

282 1923 413 1956 »Noch
446 1923 554 1956 mehr
584 1923 675 1956 aber
700 1923 794 1966 zeigt
819 1922 897 1957 sich
923 1922 1153 1966 Thatigkeit,
1180 1922 1360 1966 Klugheit
1384 1921 1461 1955 und
1488 1919 1725 1955 Geschmack

234 1981 300 2016 der
340 1982 441 2025 >apis
474 1981 641 2016 Matina’'
675 1982 713 2016 in
747 1982 863 2015 Wahl
889 1981 966 2015 und
992 1981 1263 2025 Nachbildung
1288 1980 1476 2014 einzelner
1500 1979 1727 2014 Ausdracke

235 2041 318 2075 und
339 2040 484 2083 Bz'lder,
509 2041 548 2084 (1)
574 2041 634 2075 die
661 2052 735 2074 von
761 2041 833 2075 den
859 2040 1157 2075 Alexandrinern
1180 2040 1248 2074 mit
1271 2040 1516 2075 besonderem
1540 2039 1726 2074 Geschick

235 2100 312 2135 und
350 2100 474 2134 Glsick
511 2111 567 2134 wo
604 2100 708 2134 nicht
742 2100 937 2144 erfunden‚
971 2111 1011 2134 so
1045 2100 1143 2134 doch
1178 2099 1215 2133 in
1249 2099 1408 2134 Umlauf
1429 2105 1564 2144 gesetzt
1590 2110 1725 2133 waren.

235 2161 331 2194 So..
347 2187 354 2194 .
384 2160 514 2202 (risum
539 2159 697 2194 teneatis
721 2159 833 2193 amici
845 2161 867 2203 l)
883 2185 986 2194 .....
1013 2170 1053 2193 so
1086 2159 1154 2193 das
1180 2158 1422 2193 bedeutsame
1447 2158 1576 2193 debere
1600 2158 1670 2192 Od.
1698 2158 1725 2192 1.

237 2228 269 2262 3,
302 2218 337 2260 6,
369 2218 634 2262 nachgebildet
666 2218 753 2252 dem
787 2218 977 2265 ὀφέλλειν
1009 2218 1075 2252 des
1104 2218 1252 2252 Callim.
1279 2217 1322 2251 fr.
1352 2216 1417 2251 126
1443 2217 1563 2252 Bentl.
1589 2236 1635 2242 —
1659 2216 1726 2250 das

236 2283 333 2312 zarte
369 2278 519 2311 animae
555 2277 756 2312 dimidium
794 2288 894 2312 meae
931 2277 1001 2312 Od.
1040 2278 1066 2311 I.
1106 2287 1138 2321 3,
1174 2277 1193 2311 8
1228 2277 1325 2311 nach
1359 2277 1616 2311 Callimachus
1648 2275 1725 2310 und

236 2337 442 2380 Meleagers
475 2339 596 2382 ἥμισύ
621 2350 696 2383 μευ
722 2342 857 2382 ψυχῆσ
883 2357 926 2361 -
952 2336 1021 2371 das
1045 2336 1172 2370 kflhne
1197 2347 1313 2381 aequo
1330 2336 1466 2381 pulsat
1481 2336 1576 2381 pede
1600 2335 1671 2370 Od.
1696 2336 1723 2369 I.

237 2405 271 2438 4,
308 2405 347 2440 13
380 2396 476 2430 nach
512 2396 660 2430 Callim.
694 2397 742 2430 H.
769 2397 806 2430 in
833 2397 903 2441 Ap.
931 2406 970 2440 3:
997 2398 1062 2431 καὶ
1088 2397 1211 2440 δήπου
1237 2396 1281 2430 τὰ
1304 2395 1476 2441 θύρετρα
1500 2395 1609 2439 καλῷ
1636 2396 1726 2430 ποδὶ

241 2455 378 2497 Φοῖβος
415 2456 575 2500 ἀράσσει
607 2475 649 2479 —
682 2455 750 2489 das
783 2455 1097 2500 euphemistische
1122 2455 1252 2489 domus
1276 2454 1458 2489 Pluz‘onz‘a
1483 2455 1549 2488 wie
1575 2454 1726 2489 Νυκτὸσ

239 2515 359 2560 ὁόμοσ
383 2515 507 2558 Anyte
532 2515 600 2559 Ep.
628 2523 685 2555 20,
709 2514 862 2548 ahnlich
889 2514 956 2548 wie
981 2514 1047 2548 der
1073 2513 1210 2559 longus
1233 2524 1385 2547 somnus
1410 2513 1480 2548 Od.
1508 2514 1573 2555 ΙΙΙ,
1602 2523 1655 2555 11,
1680 2513 1725 2557 38

238 2573 335 2606 nach
357 2573 423 2607 des
443 2573 619 2607 Moschus
637 2573 880 2608 klassischem
894 2573 1005 2619 μάλα
1017 2574 1170 2619 μακρὸσ
1183 2574 1357 2619 ἀτέρμων
1369 2575 1552 2618 νήγρετοσ
1567 2573 1724 2607 ὕπνοσ”.

239 2638 307 2666 cet.
345 2638 412 2666 cet.
452 2632 577 2675 Quare
615 2643 754 2677 quaeso
792 2643 866 2666 non
900 2631 1046 2666 addidit
1080 2632 1182 2666 v.d.:
1218 2631 1316 2665 »und
1343 2632 1457 2676 pedes
1486 2631 1626 2676 passim
1658 2625 1732 2665 wie'

240 2692 353 2733 πόδες
377 2691 437 2725 bei
463 2692 569 2725 Plato
594 2691 673 2725 und
698 2691 896 2737 Euripides
921 2691 1059 2736 passim
1088 2691 1164 2725 und
1179 2717 1186 2726 .
1204 2719 1211 2726 .
1228 2718 1235 2725 .
1261 2690 1326 2725 sed
1352 2691 1445 2725 haec
1469 2690 1661 2725 hactenus.

292 2769 323 2811 1)
348 2767 609 2811 Bergk—Hiller
635 2768 665 2802 8.
691 2767 754 2811 (6).

289 2845 324 2888 2)
350 2845 409 2878 Fr.
435 2845 480 2886 48
506 2845 629 2888 Bergk
654 2845 786 2879 Hiller.
