<?xml version="1.0" encoding="UTF-8"?>
<!DOCTYPE html PUBLIC "-//W3C//DTD XHTML 1.0 Transitional//EN"
    "http://www.w3.org/TR/xhtml1/DTD/xhtml1-transitional.dtd">
<html xmlns="http://www.w3.org/1999/xhtml" xml:lang="en" lang="en">
 <head>
  <title>
</title>
<meta http-equiv="Content-Type" content="text/html;charset=utf-8" />
  <meta name='ocr-system' content='tesseract 3.04.00' />
  <meta name='ocr-capabilities' content='ocr_page ocr_carea ocr_par ocr_line ocrx_word'/>
</head>
<body>
  <div class='ocr_page' id='page_1' title='image "./disputatiocritic00slijuoft_0029.png"; bbox 0 0 1955 3157; ppageno 0'>
   <div class='ocr_carea' id='block_1_1' title="bbox 923 215 971 257">
    <p class='ocr_par' dir='ltr' id='par_1_1' title="bbox 923 215 971 257">
     <span class='ocr_line' id='line_1_1' title="bbox 923 215 971 257; baseline 0 0"><span class='ocrx_word' id='word_1_1' title='bbox 923 215 971 257; x_wconf 90' lang='lat'>17</span> 
     </span>
    </p>
   </div>
   <div class='ocr_carea' id='block_1_2' title="bbox 193 335 1684 467">
    <p class='ocr_par' dir='ltr' id='par_1_2' title="bbox 193 335 1684 467">
     <span class='ocr_line' id='line_1_2' title="bbox 193 335 1684 390; baseline -0.001 -13"><span class='ocrx_word' id='word_1_2' title='bbox 193 336 364 378; x_wconf 92' lang='lat' dir='ltr'>dicendi</span> <span class='ocrx_word' id='word_1_3' title='bbox 397 350 546 390; x_wconf 83' lang='lat' dir='ltr'>genus,</span> <span class='ocrx_word' id='word_1_4' title='bbox 574 336 608 377; x_wconf 91' lang='lat' dir='ltr'>si</span> <span class='ocrx_word' id='word_1_5' title='bbox 637 342 948 389; x_wconf 83' lang='lat' dir='ltr'>comparantur</span> <span class='ocrx_word' id='word_1_6' title='bbox 976 350 1075 377; x_wconf 89' lang='lat' dir='ltr'>cum</span> <span class='ocrx_word' id='word_1_7' title='bbox 1102 337 1245 390; x_wconf 89' lang='lat' dir='ltr'>prima</span> <span class='ocrx_word' id='word_1_8' title='bbox 1272 335 1467 390; x_wconf 80' lang='lat' dir='ltr'>stropha,</span> <span class='ocrx_word' id='word_1_9' title='bbox 1485 335 1684 389; x_wconf 87' lang='lat' dir='ltr'>profecto</span> 
     </span>
     <span class='ocr_line' id='line_1_3' title="bbox 193 413 923 467; baseline -0.001 -12"><span class='ocrx_word' id='word_1_10' title='bbox 193 420 261 455; x_wconf 86' lang='lat' dir='ltr'>sat</span> <span class='ocrx_word' id='word_1_11' title='bbox 292 426 525 454; x_wconf 90' lang='lat' dir='ltr'>commune</span> <span class='ocrx_word' id='word_1_12' title='bbox 558 418 624 453; x_wconf 91' lang='lat' dir='ltr'>est</span> <span class='ocrx_word' id='word_1_13' title='bbox 656 419 700 454; x_wconf 93' lang='lat' dir='ltr'>et</span> <span class='ocrx_word' id='word_1_14' title='bbox 730 413 923 467; x_wconf 85' lang='lat' dir='ltr'>vulgare.</span> 
     </span>
    </p>
   </div>
   <div class='ocr_carea' id='block_1_3' title="bbox 524 523 1336 747">
    <p class='ocr_par' dir='ltr' id='par_1_3' title="bbox 525 523 1336 677">
     <span class='ocr_line' id='line_1_4' title="bbox 525 523 1336 569; baseline 0 -11"><span class='ocrx_word' id='word_1_15' title='bbox 525 523 636 568; x_wconf 84' lang='lat' dir='ltr'>Quod</span> <span class='ocrx_word' id='word_1_16' title='bbox 662 524 692 558; x_wconf 91' lang='lat' dir='ltr'>si</span> <span class='ocrx_word' id='word_1_17' title='bbox 717 523 906 558; x_wconf 83' lang='lat' dir='ltr'>dolentem</span> <span class='ocrx_word' id='word_1_18' title='bbox 934 535 1001 558; x_wconf 91' lang='lat' dir='ltr'>nec</span> <span class='ocrx_word' id='word_1_19' title='bbox 1029 523 1213 569; x_wconf 88' lang='lat' dir='ltr'>Phrygius</span> <span class='ocrx_word' id='word_1_20' title='bbox 1240 523 1336 569; x_wconf 83' lang='lat' dir='ltr'>lapis</span> 
     </span>
     <span class='ocr_line' id='line_1_5' title="bbox 526 582 1193 629; baseline 0 -12"><span class='ocrx_word' id='word_1_21' title='bbox 526 584 604 617; x_wconf 88' lang='lat' dir='ltr'>Nec</span> <span class='ocrx_word' id='word_1_22' title='bbox 631 594 885 629; x_wconf 89' lang='lat' dir='ltr'>purpurarum</span> <span class='ocrx_word' id='word_1_23' title='bbox 912 582 1032 617; x_wconf 86' lang='lat' dir='ltr'>sidere</span> <span class='ocrx_word' id='word_1_24' title='bbox 1057 583 1193 617; x_wconf 88' lang='lat' dir='ltr'>clarior</span> 
     </span>
     <span class='ocr_line' id='line_1_6' title="bbox 525 642 1072 677; baseline 0 -1"><span class='ocrx_word' id='word_1_25' title='bbox 525 642 674 676; x_wconf 91' lang='lat' dir='ltr'>Delenit</span> <span class='ocrx_word' id='word_1_26' title='bbox 701 653 790 677; x_wconf 91' lang='lat' dir='ltr'>usus</span> <span class='ocrx_word' id='word_1_27' title='bbox 815 653 883 677; x_wconf 91' lang='lat' dir='ltr'>nec</span> <span class='ocrx_word' id='word_1_28' title='bbox 911 642 1072 676; x_wconf 86' lang='lat' dir='ltr'>Falerna</span> 
     </span>
    </p>

    <p class='ocr_par' dir='ltr' id='par_1_4' title="bbox 524 702 1206 747">
     <span class='ocr_line' id='line_1_7' title="bbox 524 702 1206 747; baseline 0.001 -12"><span class='ocrx_word' id='word_1_29' title='bbox 524 702 620 735; x_wconf 91' lang='lat' dir='ltr'>Vitis</span> <span class='ocrx_word' id='word_1_30' title='bbox 649 702 1021 747; x_wconf 87' lang='lat' dir='ltr'>Achaemeniumque</span> <span class='ocrx_word' id='word_1_31' title='bbox 1046 707 1206 742; x_wconf 86' lang='lat' dir='ltr'>costum,</span> 
     </span>
    </p>
   </div>
   <div class='ocr_carea' id='block_1_4' title="bbox 523 790 1224 1014">
    <p class='ocr_par' dir='ltr' id='par_1_5' title="bbox 523 790 1224 1014">
     <span class='ocr_line' id='line_1_8' title="bbox 523 790 1224 836; baseline -0.003 -11"><span class='ocrx_word' id='word_1_32' title='bbox 523 791 600 825; x_wconf 89' lang='lat' dir='ltr'>Cur</span> <span class='ocrx_word' id='word_1_33' title='bbox 626 790 838 825; x_wconf 85' lang='lat' dir='ltr'>invidendis</span> <span class='ocrx_word' id='word_1_34' title='bbox 863 791 1033 836; x_wconf 90' lang='lat' dir='ltr'>postibus</span> <span class='ocrx_word' id='word_1_35' title='bbox 1059 796 1095 824; x_wconf 92' lang='lat' dir='ltr'>et</span> <span class='ocrx_word' id='word_1_36' title='bbox 1124 801 1224 824; x_wconf 90' lang='lat' dir='ltr'>novo</span> 
     </span>
     <span class='ocr_line' id='line_1_9' title="bbox 523 849 1145 884; baseline -0.002 0"><span class='ocrx_word' id='word_1_37' title='bbox 523 850 692 884; x_wconf 91' lang='lat' dir='ltr'>Sublime</span> <span class='ocrx_word' id='word_1_38' title='bbox 719 850 791 884; x_wconf 87' lang='lat' dir='ltr'>ritu</span> <span class='ocrx_word' id='word_1_39' title='bbox 819 850 953 883; x_wconf 87' lang='lat' dir='ltr'>moliar</span> <span class='ocrx_word' id='word_1_40' title='bbox 979 849 1145 883; x_wconf 90' lang='lat' dir='ltr'>atrium?</span> 
     </span>
     <span class='ocr_line' id='line_1_10' title="bbox 524 908 1131 954; baseline -0.003 -11"><span class='ocrx_word' id='word_1_41' title='bbox 524 909 601 943; x_wconf 92' lang='lat' dir='ltr'>Cur</span> <span class='ocrx_word' id='word_1_42' title='bbox 626 909 725 943; x_wconf 89' lang='lat' dir='ltr'>valle</span> <span class='ocrx_word' id='word_1_43' title='bbox 751 915 961 954; x_wconf 88' lang='lat' dir='ltr'>permutem</span> <span class='ocrx_word' id='word_1_44' title='bbox 989 908 1131 942; x_wconf 86' lang='lat' dir='ltr'>Sabina</span> 
     </span>
     <span class='ocr_line' id='line_1_11' title="bbox 523 969 965 1014; baseline -0.002 -11"><span class='ocrx_word' id='word_1_45' title='bbox 523 969 684 1003; x_wconf 87' lang='lat' dir='ltr'>Divitias</span> <span class='ocrx_word' id='word_1_46' title='bbox 709 969 965 1014; x_wconf 88' lang='lat' dir='ltr'>operosiores?</span> 
     </span>
    </p>
   </div>
   <div class='ocr_carea' id='block_1_5' title="bbox 189 1069 1687 2513">
    <p class='ocr_par' dir='ltr' id='par_1_6' title="bbox 190 1069 1687 1433">
     <span class='ocr_line' id='line_1_12' title="bbox 250 1069 1686 1122; baseline -0.002 -10"><span class='ocrx_word' id='word_1_47' title='bbox 250 1071 409 1112; x_wconf 91' lang='lat' dir='ltr'>Nonne</span> <span class='ocrx_word' id='word_1_48' title='bbox 448 1085 554 1112; x_wconf 89' lang='lat' dir='ltr'>vero</span> <span class='ocrx_word' id='word_1_49' title='bbox 595 1071 712 1112; x_wconf 88' lang='lat' dir='ltr'>idern</span> <span class='ocrx_word' id='word_1_50' title='bbox 755 1077 821 1112; x_wconf 89' lang='lat' dir='ltr'>est</span> <span class='ocrx_word' id='word_1_51' title='bbox 862 1069 1095 1112; x_wconf 90' lang='lat' dir='ltr'>dicendum</span> <span class='ocrx_word' id='word_1_52' title='bbox 1139 1069 1193 1110; x_wconf 91' lang='lat' dir='ltr'>de</span> <span class='ocrx_word' id='word_1_53' title='bbox 1227 1070 1427 1110; x_wconf 89' lang='lat' dir='ltr'>omnibus</span> <span class='ocrx_word' id='word_1_54' title='bbox 1462 1069 1542 1110; x_wconf 90' lang='lat' dir='ltr'>illis</span> <span class='ocrx_word' id='word_1_55' title='bbox 1575 1083 1686 1122; x_wconf 87' lang='lat' dir='ltr'>quae</span> 
     </span>
     <span class='ocr_line' id='line_1_13' title="bbox 191 1146 1685 1203; baseline -0.003 -14"><span class='ocrx_word' id='word_1_56' title='bbox 191 1148 472 1203; x_wconf 86' lang='lat' dir='ltr'>praecedunt,</span> <span class='ocrx_word' id='word_1_57' title='bbox 515 1149 550 1189; x_wconf 89' lang='lat' dir='ltr'>si</span> <span class='ocrx_word' id='word_1_58' title='bbox 593 1149 761 1202; x_wconf 86' lang='lat' dir='ltr'>excipis</span> <span class='ocrx_word' id='word_1_59' title='bbox 793 1148 960 1201; x_wconf 83' lang='lat' dir='ltr'>priores</span> <span class='ocrx_word' id='word_1_60' title='bbox 993 1148 1100 1188; x_wconf 87' lang='lat' dir='ltr'>duas</span> <span class='ocrx_word' id='word_1_61' title='bbox 1132 1147 1363 1200; x_wconf 88' lang='lat' dir='ltr'>strophas?</span> <span class='ocrx_word' id='word_1_62' title='bbox 1396 1147 1513 1187; x_wconf 91' lang='lat' dir='ltr'>Num</span> <span class='ocrx_word' id='word_1_63' title='bbox 1547 1146 1685 1186; x_wconf 90' lang='lat' dir='ltr'>ultimi</span> 
     </span>
     <span class='ocr_line' id='line_1_14' title="bbox 190 1223 1687 1279; baseline -0.002 -13"><span class='ocrx_word' id='word_1_64' title='bbox 190 1240 340 1266; x_wconf 89' lang='lat' dir='ltr'>versus</span> <span class='ocrx_word' id='word_1_65' title='bbox 371 1226 482 1267; x_wconf 89' lang='lat' dir='ltr'>adeo</span> <span class='ocrx_word' id='word_1_66' title='bbox 510 1226 747 1279; x_wconf 85' lang='lat' dir='ltr'>ineptiores</span> <span class='ocrx_word' id='word_1_67' title='bbox 775 1232 876 1266; x_wconf 91' lang='lat' dir='ltr'>sunt</span> <span class='ocrx_word' id='word_1_68' title='bbox 903 1224 1136 1265; x_wconf 89' lang='lat' dir='ltr'>censendi?</span> <span class='ocrx_word' id='word_1_69' title='bbox 1166 1224 1273 1264; x_wconf 92' lang='lat' dir='ltr'>Mihi</span> <span class='ocrx_word' id='word_1_70' title='bbox 1303 1223 1458 1264; x_wconf 86' lang='lat' dir='ltr'>saltem</span> <span class='ocrx_word' id='word_1_71' title='bbox 1486 1229 1687 1264; x_wconf 84' lang='lat' dir='ltr'>extrema</span> 
     </span>
     <span class='ocr_line' id='line_1_15' title="bbox 191 1300 1685 1357; baseline -0.002 -14"><span class='ocrx_word' id='word_1_72' title='bbox 191 1302 274 1343; x_wconf 85' lang='lat' dir='ltr'>hac</span> <span class='ocrx_word' id='word_1_73' title='bbox 315 1303 498 1357; x_wconf 87' lang='lat' dir='ltr'>stropha</span> <span class='ocrx_word' id='word_1_74' title='bbox 539 1316 716 1343; x_wconf 91' lang='lat' dir='ltr'>carmen</span> <span class='ocrx_word' id='word_1_75' title='bbox 758 1302 957 1343; x_wconf 87' lang='lat' dir='ltr'>concludi</span> <span class='ocrx_word' id='word_1_76' title='bbox 1001 1302 1175 1342; x_wconf 90' lang='lat' dir='ltr'>videtur</span> <span class='ocrx_word' id='word_1_77' title='bbox 1217 1302 1358 1341; x_wconf 89' lang='lat' dir='ltr'>ieiune</span> <span class='ocrx_word' id='word_1_78' title='bbox 1400 1301 1576 1354; x_wconf 88' lang='lat' dir='ltr'>quidem</span> <span class='ocrx_word' id='word_1_79' title='bbox 1609 1300 1685 1340; x_wconf 88' lang='lat' dir='ltr'>sed</span> 
     </span>
     <span class='ocr_line' id='line_1_16' title="bbox 190 1380 427 1433; baseline 0 -13"><span class='ocrx_word' id='word_1_80' title='bbox 190 1380 427 1433; x_wconf 82' lang='lat' dir='ltr'>aptissime.</span> 
     </span>
    </p>

    <p class='ocr_par' dir='ltr' id='par_1_7' title="bbox 189 1453 1686 2052">
     <span class='ocr_line' id='line_1_17' title="bbox 251 1453 1684 1509; baseline -0.003 -11"><span class='ocrx_word' id='word_1_81' title='bbox 251 1457 415 1498; x_wconf 91' lang='lat' dir='ltr'>Verum</span> <span class='ocrx_word' id='word_1_82' title='bbox 443 1463 509 1498; x_wconf 90' lang='lat' dir='ltr'>est</span> <span class='ocrx_word' id='word_1_83' title='bbox 533 1457 766 1498; x_wconf 80' lang='lat' dir='ltr'>Horatium</span> <span class='ocrx_word' id='word_1_84' title='bbox 784 1457 883 1497; x_wconf 90' lang='lat' dir='ltr'>inde</span> <span class='ocrx_word' id='word_1_85' title='bbox 901 1470 927 1496; x_wconf 88' lang='lat' dir='ltr'>a</span> <span class='ocrx_word' id='word_1_86' title='bbox 948 1455 1189 1509; x_wconf 64' lang='lat' dir='ltr'>„Gaganteo</span> <span class='ocrx_word' id='word_1_87' title='bbox 1215 1453 1480 1508; x_wconf 76' lang='lat' dir='ltr'>Trz&#39;ztmplco’&#39;</span> <span class='ocrx_word' id='word_1_88' title='bbox 1501 1454 1684 1508; x_wconf 82' lang='lat' dir='ltr'>placide,</span> 
     </span>
     <span class='ocr_line' id='line_1_18' title="bbox 190 1533 1685 1588; baseline -0.002 -14"><span class='ocrx_word' id='word_1_89' title='bbox 190 1534 318 1575; x_wconf 90' lang='lat' dir='ltr'>nimis</span> <span class='ocrx_word' id='word_1_90' title='bbox 359 1533 529 1588; x_wconf 88' lang='lat' dir='ltr'>placide</span> <span class='ocrx_word' id='word_1_91' title='bbox 571 1535 846 1588; x_wconf 87' lang='lat' dir='ltr'>processisse.</span> <span class='ocrx_word' id='word_1_92' title='bbox 892 1533 1198 1575; x_wconf 84' lang='lat' dir='ltr'>Parturiebant</span> <span class='ocrx_word' id='word_1_93' title='bbox 1242 1538 1428 1584; x_wconf 84' lang='lat' dir='ltr'>montes,</span> <span class='ocrx_word' id='word_1_94' title='bbox 1462 1537 1527 1572; x_wconf 92' lang='lat' dir='ltr'>est</span> <span class='ocrx_word' id='word_1_95' title='bbox 1559 1537 1685 1572; x_wconf 84' lang='lat' dir='ltr'>natus</span> 
     </span>
     <span class='ocr_line' id='line_1_19' title="bbox 190 1609 1684 1665; baseline -0.003 -13"><span class='ocrx_word' id='word_1_96' title='bbox 190 1611 395 1652; x_wconf 88' lang='lat' dir='ltr'>ridiculus</span> <span class='ocrx_word' id='word_1_97' title='bbox 437 1625 545 1652; x_wconf 89' lang='lat' dir='ltr'>mus.</span> <span class='ocrx_word' id='word_1_98' title='bbox 589 1611 712 1652; x_wconf 86' lang='lat' dir='ltr'>Haec</span> <span class='ocrx_word' id='word_1_99' title='bbox 754 1611 885 1665; x_wconf 82' lang='lat' dir='ltr'>igitur</span> <span class='ocrx_word' id='word_1_100' title='bbox 926 1611 981 1651; x_wconf 90' lang='lat' dir='ltr'>sit</span> <span class='ocrx_word' id='word_1_101' title='bbox 1024 1616 1128 1651; x_wconf 88' lang='lat' dir='ltr'>nota</span> <span class='ocrx_word' id='word_1_102' title='bbox 1171 1615 1304 1662; x_wconf 83' lang='lat' dir='ltr'>atque</span> <span class='ocrx_word' id='word_1_103' title='bbox 1335 1609 1469 1658; x_wconf 81' lang='lat' dir='ltr'>labes,</span> <span class='ocrx_word' id='word_1_104' title='bbox 1504 1621 1581 1662; x_wconf 90' lang='lat' dir='ltr'>per</span> <span class='ocrx_word' id='word_1_105' title='bbox 1614 1621 1684 1648; x_wconf 90' lang='lat' dir='ltr'>me</span> 
     </span>
     <span class='ocr_line' id='line_1_20' title="bbox 189 1686 1684 1738; baseline -0.003 -9"><span class='ocrx_word' id='word_1_106' title='bbox 189 1688 302 1738; x_wconf 89' lang='lat' dir='ltr'>licet,</span> <span class='ocrx_word' id='word_1_107' title='bbox 351 1695 397 1730; x_wconf 90' lang='lat' dir='ltr'>at</span> <span class='ocrx_word' id='word_1_108' title='bbox 446 1702 531 1729; x_wconf 93' lang='lat' dir='ltr'>non</span> <span class='ocrx_word' id='word_1_109' title='bbox 578 1688 696 1730; x_wconf 89' lang='lat' dir='ltr'>cadit</span> <span class='ocrx_word' id='word_1_110' title='bbox 741 1688 784 1728; x_wconf 91' lang='lat' dir='ltr'>in</span> <span class='ocrx_word' id='word_1_111' title='bbox 826 1688 908 1729; x_wconf 90' lang='lat' dir='ltr'>hos</span> <span class='ocrx_word' id='word_1_112' title='bbox 950 1701 1101 1728; x_wconf 87' lang='lat' dir='ltr'>versus</span> <span class='ocrx_word' id='word_1_113' title='bbox 1145 1693 1328 1728; x_wconf 87' lang='lat' dir='ltr'>tantum.</span> <span class='ocrx_word' id='word_1_114' title='bbox 1374 1686 1474 1726; x_wconf 91' lang='lat' dir='ltr'>Hoc</span> <span class='ocrx_word' id='word_1_115' title='bbox 1515 1691 1684 1726; x_wconf 89' lang='lat' dir='ltr'>tantum</span> 
     </span>
     <span class='ocr_line' id='line_1_21' title="bbox 191 1761 1685 1819; baseline -0.003 -13"><span class='ocrx_word' id='word_1_116' title='bbox 191 1765 510 1819; x_wconf 85' lang='lat' dir='ltr'>reprehendere</span> <span class='ocrx_word' id='word_1_117' title='bbox 551 1766 786 1819; x_wconf 89' lang='lat' dir='ltr'>mirarique</span> <span class='ocrx_word' id='word_1_118' title='bbox 830 1765 986 1818; x_wconf 88' lang='lat' dir='ltr'>aliquis</span> <span class='ocrx_word' id='word_1_119' title='bbox 1029 1770 1187 1818; x_wconf 84' lang='lat' dir='ltr'>potest,</span> <span class='ocrx_word' id='word_1_120' title='bbox 1233 1763 1351 1817; x_wconf 91' lang='lat' dir='ltr'>quod</span> <span class='ocrx_word' id='word_1_121' title='bbox 1388 1762 1597 1804; x_wconf 83' lang='lat' dir='ltr'>Horatius</span> <span class='ocrx_word' id='word_1_122' title='bbox 1629 1761 1685 1802; x_wconf 87' lang='lat' dir='ltr'>ad</span> 
     </span>
     <span class='ocr_line' id='line_1_22' title="bbox 189 1839 1686 1897; baseline -0.003 -14"><span class='ocrx_word' id='word_1_123' title='bbox 189 1843 471 1897; x_wconf 88' lang='lat' dir='ltr'>semetipsum</span> <span class='ocrx_word' id='word_1_124' title='bbox 504 1844 715 1885; x_wconf 88' lang='lat' dir='ltr'>lectorum</span> <span class='ocrx_word' id='word_1_125' title='bbox 748 1843 916 1883; x_wconf 91' lang='lat' dir='ltr'>animos</span> <span class='ocrx_word' id='word_1_126' title='bbox 949 1842 1224 1884; x_wconf 88' lang='lat' dir='ltr'>converterit.</span> <span class='ocrx_word' id='word_1_127' title='bbox 1256 1841 1319 1882; x_wconf 82' lang='lat' dir='ltr'>At</span> <span class='ocrx_word' id='word_1_128' title='bbox 1348 1840 1432 1880; x_wconf 90' lang='lat' dir='ltr'>hoc</span> <span class='ocrx_word' id='word_1_129' title='bbox 1460 1853 1543 1880; x_wconf 90' lang='lat' dir='ltr'>non</span> <span class='ocrx_word' id='word_1_130' title='bbox 1574 1839 1686 1880; x_wconf 91' lang='lat' dir='ltr'>male</span> 
     </span>
     <span class='ocr_line' id='line_1_23' title="bbox 189 1917 1686 1972; baseline -0.004 -11"><span class='ocrx_word' id='word_1_131' title='bbox 189 1920 374 1962; x_wconf 85' lang='lat' dir='ltr'>fortasse</span> <span class='ocrx_word' id='word_1_132' title='bbox 421 1921 623 1962; x_wconf 91' lang='lat' dir='ltr'>convenit</span> <span class='ocrx_word' id='word_1_133' title='bbox 670 1923 714 1962; x_wconf 77' lang='lat' dir='ltr'>et</span> <span class='ocrx_word' id='word_1_134' title='bbox 760 1934 860 1960; x_wconf 90' lang='lat' dir='ltr'>cum</span> <span class='ocrx_word' id='word_1_135' title='bbox 909 1919 1053 1960; x_wconf 90' lang='lat' dir='ltr'>indole</span> <span class='ocrx_word' id='word_1_136' title='bbox 1100 1925 1269 1972; x_wconf 89' lang='lat' dir='ltr'>poetae,</span> <span class='ocrx_word' id='word_1_137' title='bbox 1315 1920 1359 1958; x_wconf 80' lang='lat' dir='ltr'>et</span> <span class='ocrx_word' id='word_1_138' title='bbox 1401 1931 1501 1958; x_wconf 85' lang='lat' dir='ltr'>cum</span> <span class='ocrx_word' id='word_1_139' title='bbox 1545 1917 1686 1970; x_wconf 85' lang='lat' dir='ltr'>prima</span> 
     </span>
     <span class='ocr_line' id='line_1_24' title="bbox 190 1993 1684 2052; baseline -0.003 -14"><span class='ocrx_word' id='word_1_140' title='bbox 190 1998 386 2052; x_wconf 85' lang='lat' dir='ltr'>stropha,</span> <span class='ocrx_word' id='word_1_141' title='bbox 415 1998 487 2039; x_wconf 91' lang='lat' dir='ltr'>ubi</span> <span class='ocrx_word' id='word_1_142' title='bbox 514 1997 569 2038; x_wconf 94' lang='lat' dir='ltr'>de</span> <span class='ocrx_word' id='word_1_143' title='bbox 595 1997 832 2051; x_wconf 86' lang='lat' dir='ltr'>semetipso</span> <span class='ocrx_word' id='word_1_144' title='bbox 861 2003 1071 2049; x_wconf 84' lang='lat' dir='ltr'>tanquam</span> <span class='ocrx_word' id='word_1_145' title='bbox 1100 1996 1153 2036; x_wconf 93' lang='lat' dir='ltr'>de</span> <span class='ocrx_word' id='word_1_146' title='bbox 1171 1995 1400 2036; x_wconf 88' lang='lat' dir='ltr'>sacerdote</span> <span class='ocrx_word' id='word_1_147' title='bbox 1416 1993 1586 2035; x_wconf 89' lang='lat' dir='ltr'>locutus</span> <span class='ocrx_word' id='word_1_148' title='bbox 1604 1999 1684 2035; x_wconf 91' lang='lat' dir='ltr'>est.</span> 
     </span>
    </p>

    <p class='ocr_par' dir='ltr' id='par_1_8' title="bbox 189 2071 1686 2513">
     <span class='ocr_line' id='line_1_25' title="bbox 249 2071 1685 2126; baseline -0.004 -10"><span class='ocrx_word' id='word_1_149' title='bbox 249 2075 361 2117; x_wconf 93' lang='lat' dir='ltr'>Utut</span> <span class='ocrx_word' id='word_1_150' title='bbox 388 2081 466 2125; x_wconf 89' lang='lat' dir='ltr'>est,</span> <span class='ocrx_word' id='word_1_151' title='bbox 495 2074 619 2116; x_wconf 92' lang='lat' dir='ltr'>multi</span> <span class='ocrx_word' id='word_1_152' title='bbox 648 2075 727 2115; x_wconf 92' lang='lat' dir='ltr'>viri</span> <span class='ocrx_word' id='word_1_153' title='bbox 749 2075 867 2115; x_wconf 91' lang='lat' dir='ltr'>docti</span> <span class='ocrx_word' id='word_1_154' title='bbox 886 2074 956 2114; x_wconf 90' lang='lat' dir='ltr'>hic</span> <span class='ocrx_word' id='word_1_155' title='bbox 974 2086 1182 2126; x_wconf 83' lang='lat' dir='ltr'>magnum</span> <span class='ocrx_word' id='word_1_156' title='bbox 1200 2072 1353 2112; x_wconf 87' lang='lat' dir='ltr'>vitium</span> <span class='ocrx_word' id='word_1_157' title='bbox 1373 2071 1490 2125; x_wconf 86' lang='lat' dir='ltr'>apud</span> <span class='ocrx_word' id='word_1_158' title='bbox 1507 2076 1685 2124; x_wconf 87' lang='lat' dir='ltr'>poetam</span> 
     </span>
     <span class='ocr_line' id='line_1_26' title="bbox 189 2148 1686 2203; baseline -0.004 -10"><span class='ocrx_word' id='word_1_159' title='bbox 189 2152 431 2193; x_wconf 86' lang='lat' dir='ltr'>notandum</span> <span class='ocrx_word' id='word_1_160' title='bbox 474 2165 569 2192; x_wconf 90' lang='lat' dir='ltr'>esse</span> <span class='ocrx_word' id='word_1_161' title='bbox 610 2152 732 2192; x_wconf 90' lang='lat' dir='ltr'>inviti</span> <span class='ocrx_word' id='word_1_162' title='bbox 776 2150 1010 2192; x_wconf 86' lang='lat' dir='ltr'>duxerunt.</span> <span class='ocrx_word' id='word_1_163' title='bbox 1046 2150 1288 2203; x_wconf 89' lang='lat' dir='ltr'>Variasque</span> <span class='ocrx_word' id='word_1_164' title='bbox 1320 2149 1427 2189; x_wconf 88' lang='lat' dir='ltr'>varii</span> <span class='ocrx_word' id='word_1_165' title='bbox 1460 2148 1686 2201; x_wconf 84' lang='lat' dir='ltr'>excogita-</span> 
     </span>
     <span class='ocr_line' id='line_1_27' title="bbox 189 2225 1685 2280; baseline -0.003 -11"><span class='ocrx_word' id='word_1_166' title='bbox 189 2235 345 2271; x_wconf 90' lang='lat' dir='ltr'>verunt</span> <span class='ocrx_word' id='word_1_167' title='bbox 371 2230 629 2271; x_wconf 88' lang='lat' dir='ltr'>curationes.</span> <span class='ocrx_word' id='word_1_168' title='bbox 658 2228 748 2269; x_wconf 89' lang='lat' dir='ltr'>Alii</span> <span class='ocrx_word' id='word_1_169' title='bbox 776 2228 973 2269; x_wconf 81' lang='lat' dir='ltr'>odiosam</span> <span class='ocrx_word' id='word_1_170' title='bbox 1003 2227 1204 2280; x_wconf 88' lang='lat' dir='ltr'>suiipsius</span> <span class='ocrx_word' id='word_1_171' title='bbox 1233 2227 1499 2267; x_wconf 89' lang='lat' dir='ltr'>mentionem</span> <span class='ocrx_word' id='word_1_172' title='bbox 1528 2226 1570 2265; x_wconf 92' lang='lat' dir='ltr'>in</span> <span class='ocrx_word' id='word_1_173' title='bbox 1598 2225 1685 2265; x_wconf 91' lang='lat' dir='ltr'>suis</span> 
     </span>
     <span class='ocr_line' id='line_1_28' title="bbox 190 2302 1684 2360; baseline -0.004 -13"><span class='ocrx_word' id='word_1_174' title='bbox 190 2307 513 2348; x_wconf 86' lang='lat' dir='ltr'>commentariis</span> <span class='ocrx_word' id='word_1_175' title='bbox 561 2307 631 2360; x_wconf 91' lang='lat' dir='ltr'>pie</span> <span class='ocrx_word' id='word_1_176' title='bbox 678 2306 915 2346; x_wconf 86' lang='lat' dir='ltr'>eliminant.</span> <span class='ocrx_word' id='word_1_177' title='bbox 967 2304 1037 2346; x_wconf 81' lang='lat' dir='ltr'>Sic</span> <span class='ocrx_word' id='word_1_178' title='bbox 1081 2303 1341 2353; x_wconf 86' lang='lat' dir='ltr'>Schefferus,</span> <span class='ocrx_word' id='word_1_179' title='bbox 1387 2303 1459 2356; x_wconf 89' lang='lat' dir='ltr'>qui</span> <span class='ocrx_word' id='word_1_180' title='bbox 1502 2302 1684 2343; x_wconf 88' lang='lat' dir='ltr'>alteram</span> 
     </span>
     <span class='ocr_line' id='line_1_29' title="bbox 190 2378 1685 2425; baseline -0.003 -1"><span class='ocrx_word' id='word_1_181' title='bbox 190 2384 358 2425; x_wconf 87' lang='lat' dir='ltr'>curavit</span> <span class='ocrx_word' id='word_1_182' title='bbox 389 2383 624 2424; x_wconf 87' lang='lat' dir='ltr'>editionem</span> <span class='ocrx_word' id='word_1_183' title='bbox 658 2383 871 2424; x_wconf 89' lang='lat' dir='ltr'>notissimi</span> <span class='ocrx_word' id='word_1_184' title='bbox 906 2382 1016 2422; x_wconf 91' lang='lat' dir='ltr'>illius</span> <span class='ocrx_word' id='word_1_185' title='bbox 1043 2381 1139 2422; x_wconf 88' lang='lat' dir='ltr'>libri</span> <span class='ocrx_word' id='word_1_186' title='bbox 1169 2380 1423 2421; x_wconf 88' lang='lat' dir='ltr'>Gebhardii.</span> <span class='ocrx_word' id='word_1_187' title='bbox 1451 2379 1590 2420; x_wconf 87' lang='lat' dir='ltr'>Tacet</span> <span class='ocrx_word' id='word_1_188' title='bbox 1616 2378 1685 2419; x_wconf 90' lang='lat' dir='ltr'>ille</span> 
     </span>
     <span class='ocr_line' id='line_1_30' title="bbox 190 2455 1682 2513; baseline -0.003 -12"><span class='ocrx_word' id='word_1_189' title='bbox 190 2461 244 2501; x_wconf 88' lang='lat' dir='ltr'>de</span> <span class='ocrx_word' id='word_1_190' title='bbox 293 2460 430 2510; x_wconf 84' lang='lat' dir='ltr'>„valle</span> <span class='ocrx_word' id='word_1_191' title='bbox 475 2458 669 2502; x_wconf 87' lang='lat' dir='ltr'>Sabina’&#39;</span> <span class='ocrx_word' id='word_1_192' title='bbox 690 2458 733 2513; x_wconf 82' lang='lat'>¹).</span> <span class='ocrx_word' id='word_1_193' title='bbox 780 2459 851 2501; x_wconf 86' lang='lat' dir='ltr'>Sic</span> <span class='ocrx_word' id='word_1_194' title='bbox 884 2458 1077 2499; x_wconf 88' lang='lat' dir='ltr'>fecerant</span> <span class='ocrx_word' id='word_1_195' title='bbox 1110 2457 1414 2511; x_wconf 88' lang='lat' dir='ltr'>Kiesslingius‚</span> <span class='ocrx_word' id='word_1_196' title='bbox 1450 2455 1682 2504; x_wconf 87' lang='lat' dir='ltr'>Bentleius‚</span> 
     </span>
    </p>
   </div>
   <div class='ocr_carea' id='block_1_6' title="bbox 1545 2532 1685 2540">
    <p class='ocr_par' dir='ltr' id='par_1_9' title="bbox 1545 2532 1685 2540">
     <span class='ocr_line' id='line_1_31' title="bbox 1545 2532 1685 2540; baseline 0 0"><span class='ocrx_word' id='word_1_197' title='bbox 1545 2532 1685 2540; x_wconf 95' lang='lat' dir='ltr'> </span> 
     </span>
    </p>
   </div>
   <div class='ocr_carea' id='block_1_7' title="bbox 1331 2535 1543 2540">
    <p class='ocr_par' dir='ltr' id='par_1_10' title="bbox 1331 2535 1543 2540">
     <span class='ocr_line' id='line_1_32' title="bbox 1331 2535 1543 2540; baseline 0 0"><span class='ocrx_word' id='word_1_198' title='bbox 1331 2535 1543 2540; x_wconf 95' lang='lat' dir='ltr'> </span> 
     </span>
    </p>
   </div>
   <div class='ocr_carea' id='block_1_8' title="bbox 190 2575 1685 2857">
    <p class='ocr_par' dir='ltr' id='par_1_11' title="bbox 190 2575 1685 2857">
     <span class='ocr_line' id='line_1_33' title="bbox 241 2575 1318 2622; baseline -0.004 -10"><span class='ocrx_word' id='word_1_199' title='bbox 241 2579 274 2622; x_wconf 91' lang='lat'>1)</span> <span class='ocrx_word' id='word_1_200' title='bbox 300 2577 356 2613; x_wconf 90' lang='lat' dir='ltr'>Cf.</span> <span class='ocrx_word' id='word_1_201' title='bbox 372 2577 420 2613; x_wconf 93' lang='lat' dir='ltr'>ib.</span> <span class='ocrx_word' id='word_1_202' title='bbox 436 2577 497 2613; x_wconf 87' lang='lat' dir='ltr'>l.1.</span> <span class='ocrx_word' id='word_1_203' title='bbox 538 2577 597 2611; x_wconf 76' lang='lat' dir='ltr'>»in</span> <span class='ocrx_word' id='word_1_204' title='bbox 623 2576 689 2611; x_wconf 84' lang='lat' dir='ltr'>des</span> <span class='ocrx_word' id='word_1_205' title='bbox 716 2577 880 2610; x_wconf 85' lang='lat' dir='ltr'>Herzens</span> <span class='ocrx_word' id='word_1_206' title='bbox 908 2575 1021 2619; x_wconf 85' lang='lat' dir='ltr'>heilig</span> <span class='ocrx_word' id='word_1_207' title='bbox 1048 2575 1145 2609; x_wconf 89' lang='lat' dir='ltr'>stille</span> <span class='ocrx_word' id='word_1_208' title='bbox 1170 2575 1318 2608; x_wconf 75' lang='lat' dir='ltr'>Raume</span> 
     </span>
     <span class='ocr_line' id='line_1_34' title="bbox 534 2634 1413 2677; baseline -0.005 -7"><span class='ocrx_word' id='word_1_209' title='bbox 534 2642 654 2670; x_wconf 91' lang='lat' dir='ltr'>musst</span> <span class='ocrx_word' id='word_1_210' title='bbox 679 2636 729 2670; x_wconf 92' lang='lat' dir='ltr'>du</span> <span class='ocrx_word' id='word_1_211' title='bbox 756 2635 892 2669; x_wconf 90' lang='lat' dir='ltr'>fliehen</span> <span class='ocrx_word' id='word_1_212' title='bbox 917 2646 986 2669; x_wconf 85' lang='lat' dir='ltr'>aus</span> <span class='ocrx_word' id='word_1_213' title='bbox 1011 2634 1076 2669; x_wconf 88' lang='lat' dir='ltr'>des</span> <span class='ocrx_word' id='word_1_214' title='bbox 1101 2634 1248 2668; x_wconf 91' lang='lat' dir='ltr'>Lebens</span> <span class='ocrx_word' id='word_1_215' title='bbox 1273 2634 1413 2677; x_wconf 88' lang='lat' dir='ltr'>Drang.</span> 
     </span>
     <span class='ocr_line' id='line_1_35' title="bbox 192 2692 1685 2740; baseline -0.003 -11"><span class='ocrx_word' id='word_1_216' title='bbox 192 2696 262 2731; x_wconf 75' lang='lat' dir='ltr'>»So</span> <span class='ocrx_word' id='word_1_217' title='bbox 299 2697 403 2730; x_wconf 77' lang='lat' dir='ltr'>losen</span> <span class='ocrx_word' id='word_1_218' title='bbox 437 2696 498 2730; x_wconf 89' lang='lat' dir='ltr'>die</span> <span class='ocrx_word' id='word_1_219' title='bbox 531 2706 684 2740; x_wconf 86' lang='lat' dir='ltr'>grossen</span> <span class='ocrx_word' id='word_1_220' title='bbox 718 2695 874 2729; x_wconf 89' lang='lat' dir='ltr'>Dichter</span> <span class='ocrx_word' id='word_1_221' title='bbox 909 2694 981 2728; x_wconf 91' lang='lat' dir='ltr'>den</span> <span class='ocrx_word' id='word_1_222' title='bbox 1016 2693 1127 2728; x_wconf 90' lang='lat' dir='ltr'>Streit</span> <span class='ocrx_word' id='word_1_223' title='bbox 1162 2693 1227 2727; x_wconf 92' lang='lat' dir='ltr'>des</span> <span class='ocrx_word' id='word_1_224' title='bbox 1253 2693 1408 2727; x_wconf 88' lang='lat' dir='ltr'>Lebens.</span> <span class='ocrx_word' id='word_1_225' title='bbox 1436 2692 1529 2726; x_wconf 90' lang='lat' dir='ltr'>Hier</span> <span class='ocrx_word' id='word_1_226' title='bbox 1554 2692 1685 2726; x_wconf 88' lang='lat' dir='ltr'>stehen</span> 
     </span>
     <span class='ocr_line' id='line_1_36' title="bbox 190 2751 1684 2790; baseline -0.003 -1"><span class='ocrx_word' id='word_1_227' title='bbox 190 2755 348 2790; x_wconf 91' lang='lat' dir='ltr'>Schiller</span> <span class='ocrx_word' id='word_1_228' title='bbox 385 2755 461 2789; x_wconf 91' lang='lat' dir='ltr'>und</span> <span class='ocrx_word' id='word_1_229' title='bbox 500 2756 624 2789; x_wconf 89' lang='lat' dir='ltr'>Horaz</span> <span class='ocrx_word' id='word_1_230' title='bbox 663 2754 741 2789; x_wconf 91' lang='lat' dir='ltr'>und</span> <span class='ocrx_word' id='word_1_231' title='bbox 782 2754 931 2788; x_wconf 88' lang='lat' dir='ltr'>reichen</span> <span class='ocrx_word' id='word_1_232' title='bbox 965 2753 1045 2787; x_wconf 89' lang='lat' dir='ltr'>sich</span> <span class='ocrx_word' id='word_1_233' title='bbox 1079 2752 1414 2787; x_wconf 77' lang='lat' dir='ltr'>verstandnissvoll</span> <span class='ocrx_word' id='word_1_234' title='bbox 1447 2751 1509 2786; x_wconf 89' lang='lat' dir='ltr'>die</span> <span class='ocrx_word' id='word_1_235' title='bbox 1535 2751 1684 2785; x_wconf 87' lang='lat' dir='ltr'>Hand&#39;&#39;.</span> 
     </span>
     <span class='ocr_line' id='line_1_37' title="bbox 190 2810 1684 2857; baseline -0.003 -8"><span class='ocrx_word' id='word_1_236' title='bbox 190 2815 334 2855; x_wconf 79' lang='lat' dir='ltr'>Tamen</span> <span class='ocrx_word' id='word_1_237' title='bbox 357 2814 476 2848; x_wconf 88' lang='lat' dir='ltr'>multa</span> <span class='ocrx_word' id='word_1_238' title='bbox 497 2814 674 2849; x_wconf 87' lang='lat' dir='ltr'>interesse</span> <span class='ocrx_word' id='word_1_239' title='bbox 692 2813 788 2848; x_wconf 85' lang='lat' dir='ltr'>inter</span> <span class='ocrx_word' id='word_1_240' title='bbox 802 2812 973 2847; x_wconf 88' lang='lat' dir='ltr'>Schilleri</span> <span class='ocrx_word' id='word_1_241' title='bbox 989 2812 1212 2857; x_wconf 89' lang='lat' dir='ltr'>Horatiique</span> <span class='ocrx_word' id='word_1_242' title='bbox 1226 2822 1356 2846; x_wconf 90' lang='lat' dir='ltr'>versus</span> <span class='ocrx_word' id='word_1_243' title='bbox 1369 2811 1453 2856; x_wconf 89' lang='lat' dir='ltr'>quis</span> <span class='ocrx_word' id='word_1_244' title='bbox 1467 2821 1542 2845; x_wconf 91' lang='lat' dir='ltr'>non</span> <span class='ocrx_word' id='word_1_245' title='bbox 1556 2810 1684 2844; x_wconf 87' lang='lat' dir='ltr'>videt?</span> 
     </span>
    </p>
   </div>
   <div class='ocr_carea' id='block_1_9' title="bbox 1521 2891 1541 2915">
    <p class='ocr_par' dir='ltr' id='par_1_12' title="bbox 1521 2891 1541 2915">
     <span class='ocr_line' id='line_1_38' title="bbox 1521 2891 1541 2915; baseline 0 0"><span class='ocrx_word' id='word_1_246' title='bbox 1521 2891 1541 2915; x_wconf 89' lang='lat'><strong>2</strong></span> 
     </span>
    </p>
   </div>
  </div>
 </body>
</html>
