1955 3157
912 262 990 292 122

534 382 634 425 ›>111e‚
660 391 723 415 seu
751 380 910 415 Parthos
935 379 1040 414 Latio
1068 379 1308 413 imminentes

530 441 658 485 Egerit
683 441 780 474 iusto
805 439 967 474 domitos
992 438 1184 484 triumpho

530 501 617 535 Sive
642 500 830 534 subiectos
854 498 1007 533 orientis
1031 508 1119 532 orae

671 560 782 594 Seras
806 564 842 592 et
868 558 1016 592 Indos'’.

534 668 607 701 »Te
634 667 759 700 minor
785 665 903 699 latum
930 670 1032 708 reget
1057 675 1200 709 aequus
1224 664 1348 698 orbem

537 726 572 759 T
569 737 592 759 u
619 725 725 769 gravi
751 735 861 759 curru
888 724 1060 769 quatiens
1089 722 1290 768 Olympum

530 787 589 819 Tu
615 796 748 828 parum
775 783 886 818 castis
912 783 1063 817 inimica
1089 783 1216 817 mittas

674 843 858 878 Fulmina
885 842 1013 877 lucz's''.

259 973 474 1013 Extrema
520 969 775 1024 praesertim
819 967 1001 1021 stropha
1043 967 1275 1021 unicuique
1306 972 1354 1008 ut
1386 965 1490 1006 mihi
1523 965 1695 1007 videtur

199 1050 392 1091 ostendit
422 1049 528 1103 quid
560 1047 665 1088 velit
697 1047 920 1087 Horatius.

259 1127 437 1180 Duplex
464 1126 606 1179 igitur,
637 1139 706 1165 me
734 1124 889 1175 iudice,
917 1123 1104 1164 habetur
1131 1121 1363 1176 oppositio,
1392 1135 1469 1162 seu
1486 1126 1534 1162 ut
1550 1120 1694 1161 verius

200 1203 343 1245 dicam
375 1202 654 1257 comparatio.
695 1214 729 1242 Ι.
765 1200 1040 1241 Credidimus
1073 1224 1130 1229 —
1162 1212 1369 1253 praesens
1401 1198 1646 1239 habebitur.

691 1291 728 1320 2.
764 1278 898 1320 Caelo
929 1284 1157 1319 tonantem
1189 1301 1235 1307 —
1279 1289 1484 1330 praesens
1511 1275 1650 1316 divus.

260 1359 381 1412 Ergo
414 1372 513 1398 cum
546 1357 825 1398 Doerwaldio
844 1357 874 1409 1)
912 1356 1072 1405 „Beide
1106 1354 1349 1395 Gedanken
1375 1353 1530 1395 stehen
1549 1358 1696 1394 natur-

200 1436 285 1476 lich
334 1435 454 1476 nicht
501 1436 559 1475 im
607 1434 856 1488 Gegensatz
903 1448 954 1474 zu
1001 1431 1235 1473 einander”
1285 1432 1327 1484 (i.
1352 1445 1388 1472 e.
1437 1444 1524 1471 non
1571 1429 1695 1485 quasi

201 1527 285 1553 una
316 1512 498 1553 alteram
529 1511 668 1562 tollat,
702 1511 964 1552 confirmant
996 1511 1110 1551 enim
1144 1510 1255 1551 inter
1287 1509 1350 1562 se)
1386 1507 1493 1558 „das
1525 1507 1696 1549 Perfect

200 1590 338 1630 heiszt
370 1589 514 1631 nicht:
547 1589 694 1630 bisher
726 1588 815 1629 und
841 1588 950 1642 jetzt
982 1587 1102 1629 nicht
1131 1587 1268 1639 mehr,
1296 1585 1485 1627 sondern
1515 1599 1561 1626 es
1578 1584 1696 1626 stellt

201 1667 269 1707 ein
301 1667 491 1708 sicheres
524 1667 742 1721 Ergebnis
773 1665 850 1706 der
883 1665 1134 1718 Erfahrung
1165 1678 1221 1705 an
1253 1664 1323 1705 die
1356 1662 1546 1717 Spitze''.

261 1743 307 1785 Si
341 1750 458 1784 recte
489 1744 790 1784 doctissimum
822 1742 963 1783 virum
997 1741 1200 1795 intellego
1228 1741 1337 1782 haec
1364 1741 1516 1781 docet:
1543 1753 1696 1795 quem-

202 1822 440 1862 admodum
485 1821 776 1870 ,‚credidimus
818 1834 1005 1874 semper,
1047 1826 1091 1861 et
1134 1819 1266 1859 etiam
1304 1832 1419 1859 nunc
1450 1815 1694 1858 credimus''

202 1899 479 1952 (Karstenius
497 1896 543 1952 2))
593 1899 741 1939 Iovem
789 1899 832 1938 in
879 1897 1002 1938 coelo
1050 1909 1245 1950 regnare,
1287 1909 1340 1936 eo
1383 1894 1502 1947 quod
1544 1893 1696 1944 „coelo

200 1974 454 2017 tonantem''
505 1989 604 2015 eum
651 1975 909 2024 audivimus,
957 1975 1019 2015 sic
1050 1987 1226 2028 quoque
1258 1972 1511 2026 Augustum
1544 1971 1695 2012 orbem

202 2066 352 2106 regere
398 2077 456 2082 —-
502 2053 584 2094 erit
631 2052 876 2102 dicendum,
925 2065 978 2092 eo
1025 2051 1144 2105 quod
1190 2049 1376 2104 populos
1424 2049 1531 2090 fines
1577 2049 1697 2089 orbis

202 2131 451 2172 habitantes
484 2130 667 2183 imperio
699 2130 942 2171 subiecerit.

264 2207 343 2249 Cui
391 2207 687 2261 explicationi,
734 2213 782 2248 ut
828 2207 914 2247 iam
960 2205 1161 2255 indicavi,
1204 2204 1316 2245 hanc
1358 2203 1520 2245 addere
1551 2203 1695 2253 velim,

204 2299 335 2338 quam
383 2285 570 2325 Iurenka
603 2285 746 2325 verbis
779 2284 955 2338 quidem
987 2283 1139 2324 leviter
1170 2282 1329 2336 attigit,
1362 2281 1516 2322 dubito
1548 2286 1695 2322 autem

204 2375 348 2402 annon
381 2361 461 2402 sibi
493 2362 553 2402 rei
586 2375 761 2415 quoque
793 2361 921 2402 suerit
949 2361 1168 2410 conscius;
1197 2359 1357 2401 etenim
1385 2359 1512 2399 nimis
1539 2358 1697 2411 pressit

204 2438 445 2479 sententiae
479 2439 821 2491 ‚‚impietatem''.
854 2437 1074 2488 ‘Credere'
1107 2443 1151 2478 et
1184 2440 1401 2490 'praesens
1429 2435 1618 2485 habere'‚
1648 2440 1696 2476 ut

205 2521 325 2568 puto,
359 2522 669 2568 comparantur
701 2516 812 2556 inter
840 2529 899 2556 se.
927 2515 1055 2556 Illud
1076 2514 1203 2554 dicit:
1232 2513 1491 2554 auctoritate
1503 2518 1547 2553 et
1565 2512 1697 2552 ratio-

204 2592 421 2632 cinatione
479 2592 641 2644 aliquid
698 2605 986 2646 cognoscere;
1042 2599 1264 2644 ‘praesens
1308 2588 1477 2629 habere'
1524 2594 1695 2629 autem:

260 2792 292 2834 1)
318 2790 366 2824 1.1.
393 2801 476 2836 pag.
504 2799 567 2833 241
598 2792 685 2834 (14).

256 2868 292 2911 2)
318 2867 367 2901 l.l.
393 2878 476 2912 pag.
508 2866 583 2901 160.
