1955 3157
916 231 969 283 56

191 362 464 404 demonstrat
481 363 592 404 inter
610 361 782 404 Stoicos
800 360 908 402 alios
925 361 1057 402 animi
1075 359 1448 402 immortalitatem
1467 360 1681 411 docuisse,

192 441 298 481 alios
316 454 511 494 negasse,
525 440 632 481 alios
643 439 861 492 sapientes
874 438 990 479 solos
1002 438 1270 479 immortales
1282 451 1375 479 esse
1389 437 1623 478 credidisse
1636 436 1682 491 1).

192 518 336 559 Locus
348 518 422 572 qui
434 517 637 557 dirimere
650 516 952 571 quaestionem
973 515 1077 555 mihi
1094 515 1266 555 videtur
1283 521 1349 555 est
1362 514 1478 568 apud
1492 514 1682 555 Tullium

194 619 248 625 —
281 595 411 636 Tusc.
445 595 567 648 Disp.
603 594 635 634 Ι.
675 605 799 634 12——
832 593 905 633 ubi
932 598 1166 646 postquam
1195 591 1464 646 antiquitatis
1492 591 1685 633 laudavit

192 672 499 713 auctoritatem
541 671 644 726 quia
688 683 802 724 „quo
845 670 1023 723 propius
1060 669 1213 710 aberat
1244 669 1300 709 ab
1332 674 1429 709 ortu
1463 674 1507 709 et
1539 668 1686 709 divina

193 749 400 803 progenie
432 748 517 789 hoc
549 748 701 788 melius
728 761 779 787 ea
807 746 1005 799 fortasse,
1033 759 1145 800 quae
1172 752 1297 786 erant
1313 759 1429 795 vera,
1449 745 1683 786 cernebat''

193 826 392 867 docuisse
434 839 533 866 eum
577 830 749 865 narrat:
789 829 1005 873 „mortem
1040 837 1125 864 non
1158 823 1379 864 interitum
1413 836 1507 863 esse
1538 822 1686 863 omnia

193 903 419 944 tollentem
452 909 584 957 atque
617 901 848 951 delentem,
884 901 960 942 sed
987 900 1208 955 quandam
1237 900 1361 955 quasi
1380 900 1686 952 migrationem

194 980 671 1034 commutationemque
715 979 842 1028 vitae,
886 992 998 1033 quae
1041 979 1083 1018 in
1125 978 1251 1019 claris
1297 978 1399 1018 viris
1442 983 1485 1018 et
1516 977 1687 1018 feminis

195 1057 286 1098 dux
329 1058 371 1097 in
404 1056 571 1097 caelum
605 1056 763 1096 soleret
796 1069 904 1108 esse,
938 1056 979 1095 in
1013 1055 1167 1096 ceteris
1201 1055 1321 1095 humi
1354 1055 1613 1095 retineretur
1644 1059 1688 1094 et

195 1140 501 1188 permanerent
553 1133 744 1174 tamen.''
780 1133 949 1173 Eadem
992 1131 1259 1185 significasse
1292 1132 1526 1173 Horatium
1558 1130 1688 1185 idque

198 1212 470 1267 apertissime
503 1224 682 1265 prorsus
715 1210 947 1251 dicendum
980 1216 1058 1252 est.
1093 1209 1173 1250 Vir
1205 1210 1445 1250 immeritus
1478 1208 1600 1257 mori,
1621 1208 1687 1250 i.e.

195 1289 270 1344 qui
311 1290 471 1330 virtute
515 1302 593 1329 sua
635 1294 821 1328 mortem
860 1287 1049 1340 effugere
1083 1287 1311 1328 meruisset
1342 1287 1422 1326 nisi
1455 1286 1689 1326 necessitas

196 1380 325 1407 omne
358 1371 554 1406 moveret
588 1379 696 1405 urna
729 1378 902 1417 nomen,
934 1370 1081 1405 tamen
1109 1364 1262 1404 mortis
1290 1363 1554 1404 oblivionem
1582 1375 1690 1402 nun-

196 1457 327 1498 quam
376 1443 578 1497 patietur,
628 1443 669 1482 in
717 1441 885 1482 caelum
932 1455 1036 1482 vero
1086 1448 1284 1495 receptus
1327 1441 1483 1481 divinis
1525 1440 1690 1480 fruetur

197 1520 449 1573 honoribus,
478 1521 610 1560 ceteri
638 1533 757 1571 vero,
784 1520 858 1574 qui
886 1519 1092 1560 virtutem
1110 1519 1252 1559 colere
1270 1517 1691 1559 nolueruntzcoetus

197 1598 410 1651 volgares,
445 1610 581 1651 prope
613 1596 795 1637 humum
829 1596 1138 1651 relinquentur.
1169 1595 1344 1636 Etenim
1372 1608 1426 1636 ne
1453 1594 1539 1635 ulla
1567 1593 1692 1634 nobis

198 1675 414 1716 dubitatio
446 1681 669 1715 remaneat
701 1674 762 1714 sic
794 1674 938 1727 pergit
971 1673 1162 1713 Tullius:
1197 1672 1299 1722 „Ex
1331 1671 1415 1712 hoc
1446 1678 1490 1712 et
1522 1677 1691 1712 nostro-

198 1765 293 1792 rum
325 1752 554 1806 opinione:

532 1844 717 1879 Romulus
743 1843 781 1877 in
806 1843 911 1878 coelo
936 1854 1023 1878 curn
1049 1843 1107 1877 dis
1132 1843 1210 1887 agit
1234 1842 1406 1884 aevum,”

199 1943 246 1978 ut
278 1936 420 1976 famae
452 1935 705 1984 assentiens,
724 1934 837 1974 dixit
866 1934 1054 1974 Ennius:
1084 1939 1127 1974 et
1144 1933 1260 1987 apud
1279 1931 1486 1982 Graecos,
1506 1932 1693 1986 indeque

199 2013 423 2067 perlapsus
465 2012 521 2053 ad
563 2025 642 2052 nos
685 2017 728 2052 et
770 2025 907 2065 usque
938 2011 994 2051 ad
1028 2009 1268 2060 Oceanum,
1302 2008 1512 2050 Hercules
1544 2015 1693 2050 tantus

199 2097 243 2131 et
285 2097 376 2131 tam
420 2102 625 2143 praesens
668 2088 854 2129 habetur
885 2088 1015 2139 deus3
1050 2088 1151 2128 hinc
1183 2087 1317 2128 Liber
1349 2085 1519 2128 Semele
1552 2092 1691 2135 natus,

200 2167 441 2221 eademque
469 2166 614 2206 famae
641 2165 894 2207 celebritate
913 2164 1198 2218 Tyndaridae
1215 2164 1375 2205 frates'’
1394 2169 1477 2204 ete.
1497 2162 1695 2203 Adverte

200 2244 354 2285 eadem
374 2244 550 2284 nomina
568 2243 623 2283 ab
643 2242 827 2283 Horatio
846 2242 1012 2283 laudari
1031 2242 1073 2282 in
1087 2242 1173 2282 oda
1185 2241 1382 2295 sequenti
1396 2241 1468 2282 ubi
1480 2239 1694 2281 cantavit:

536 2348 642 2381 »Hac
671 2352 751 2381 arte
778 2347 910 2381 Pollux
937 2352 973 2381 et
999 2358 1118 2391 vagus
1143 2345 1326 2380 Hercules

533 2407 675 2441 Enixus
701 2417 806 2440 arces
832 2406 955 2450 attigit
980 2406 1109 2450 igneas

584 2466 669 2499 Huc
698 2471 734 2499 te
761 2471 966 2499 merentem
994 2464 1140 2498 Bacche
1165 2469 1271 2509 pater
1295 2469 1382 2498 tuae

631 2525 776 2558 Vexere
805 2525 918 2567 tigres
944 2543 988 2549 ——
1015 2524 1086 2558 hac
1114 2523 1292 2568 Quirinus

536 2606 668 2641 Martis
694 2606 800 2651 equis
825 2606 1042 2640 Acheronta
1067 2605 1196 2650 fugit.’'

256 2725 288 2768 1)
322 2725 371 2759 Ut
410 2724 524 2758 habet
558 2725 744 2768 Diogenes
777 2724 946 2758 Laertius
979 2724 1016 2757 in
1049 2723 1150 2758 Libri
1185 2724 1255 2757 VII
1287 2723 1409 2768 capite
1434 2722 1555 2768 primo
1581 2721 1626 2764 84
1652 2740 1696 2745 —

207 2782 421 2827 Κλεάνθης
460 2785 534 2828 μὲν
583 2784 653 2817 οὖν
704 2783 828 2825 πάσας
876 2782 1140 2828 ἐπιδιαμένειν
1187 2784 1304 2828 μέχρι
1353 2786 1416 2826 τῆς
1459 2781 1697 2826 ἐπυρώσεως,

207 2841 436 2887 Χρύσιππος
462 2842 502 2876 ὁὲ
528 2842 590 2885 τὰς
615 2846 688 2876 τῶν
714 2846 845 2888 σοφῶν
869 2843 1001 2888 μόνον.
