1955 3157
1002 216 1084 259 139

293 336 350 377 ad
377 350 510 377 unum
534 336 670 377 ferme
688 349 841 377 omnes
858 335 1041 377 reiciunt
1058 336 1272 389 integram
1291 334 1481 376 fabulam
1500 335 1554 376 de
1571 335 1789 389 legatione

293 413 465 468 Reguli,
518 414 696 454 minime
743 413 1041 454 consentiente
1088 412 1233 454 Tullio
1252 412 1283 467 1)
1330 413 1403 467 qui
1452 419 1687 467 postquam
1735 414 1789 454 de

293 491 426 533 Ulixe
457 491 592 532 dixit:
627 491 742 541 „Sed
775 491 1043 540 omittamus,
1072 491 1226 545 inquit,
1256 496 1298 531 et
1327 490 1496 531 fabulas
1521 497 1565 531 et
1582 497 1789 531 externa:

292 569 348 610 ad
382 583 474 609 rem
507 569 669 610 factam
697 575 935 622 nostraque
962 568 1199 609 veniamus.
1233 592 1283 597 —
1314 567 1374 608 M.
1395 567 1578 608 Attilius
1595 568 1789 621 Regulus

291 659 328 686 e.
363 659 405 699 q.
438 645 517 686 s.''.

352 722 548 763 Maxime
591 723 722 776 igitur
763 722 937 764 videtur
977 722 1082 763 mihi
1124 722 1180 763 ad
1212 722 1306 776 ipsa
1339 728 1498 776 poetae
1529 723 1662 764 verba
1695 737 1788 764 esse

291 799 621 850 attendendum,
654 800 1041 854 quaerendumque
1073 799 1222 854 quales
1250 800 1343 853 ipse
1369 799 1648 841 condiciones
1666 800 1789 841 intel-

291 877 472 918 lexerit:
503 876 656 918 Clarus
673 883 821 918 autem
839 877 1050 918 orationis
1067 882 1302 918 contextus
1320 876 1430 918 haec
1447 877 1579 918 credo
1597 877 1787 931 profert:

351 955 604 1004 „Dissentio
652 954 982 995 condicionibus
1029 955 1130 1008 quia
1171 960 1273 996 sunt
1316 954 1484 995 foedae.
1519 955 1788 1008 Recuperari

290 1032 406 1072 enim
465 1033 664 1085 captivos
711 1038 778 1074 est
824 1031 1025 1072 foedum:
1075 1045 1176 1073 nam
1224 1038 1407 1086 pereant
1454 1046 1630 1073 necesse
1678 1031 1786 1074 est’'.

291 1108 478 1150 Videtur
519 1122 624 1162 ergo
667 1109 879 1150 Horatius
919 1109 1155 1150 credidisse
1200 1110 1401 1163 captivos
1433 1109 1674 1162 Romanos,
1708 1110 1787 1150 nisi

292 1185 577 1227 redderentur
610 1185 996 1240 Carthaginienses
1027 1187 1203 1240 captivi,
1235 1200 1347 1241 quos
1380 1187 1628 1236 retinerent,
1658 1187 1786 1228 inter-

290 1262 452 1304 fectum
499 1264 550 1303 iri
592 1263 648 1303 ab
690 1263 903 1304 hostibus
938 1263 1110 1304 Verene
1143 1277 1198 1304 an
1231 1264 1339 1305 falso
1373 1264 1479 1304 nihil
1512 1264 1655 1307 refert.
1688 1265 1788 1306 Hoc

289 1347 436 1383 autem
468 1340 655 1382 illustrat
686 1342 847 1382 omnia.
882 1341 1148 1382 Premendus
1181 1348 1246 1383 est
1278 1341 1538 1383 versiculus:

552 1447 611 1481 »Si
638 1458 712 1481 non
739 1447 876 1492 periret
902 1446 1180 1481 immiserabilis
1205 1447 1356 1493 captiva
1381 1447 1536 1493 pubes”.

349 1543 481 1584 Morti
533 1543 773 1584 tradendus
836 1550 902 1585 est
958 1544 1157 1598 captivus
1215 1544 1464 1585 Romanus:
1522 1544 1652 1598 idque
1700 1557 1787 1584 non

288 1621 429 1662 solum
462 1622 645 1662 docetur
677 1621 814 1662 altera
841 1628 979 1675 parte,
1008 1621 1085 1662 sed
1114 1622 1259 1675 priore
1287 1623 1482 1663 maxima
1509 1622 1788 1663 continentur

289 1705 548 1753 argumenta
594 1706 822 1740 extremae
870 1713 1037 1753 poenae
1086 1700 1390 1741 necessitatem
1438 1701 1785 1754 comprobantia.

289 1776 479 1826 „Solche
525 1776 747 1826 Soldaten,
792 1777 932 1831 inquit
974 1777 1302 1830 Rosenbergius
1320 1778 1365 1830 2),
1410 1777 1528 1818 kann
1570 1778 1686 1818 Rom
1720 1778 1786 1818 fur

288 1853 371 1894 alle
412 1854 565 1895 Zeiten
609 1855 679 1894 nie
715 1854 840 1894 mehr
872 1854 1046 1895 dulden.
1082 1855 1173 1895 Das
1206 1854 1542 1908 Ehrengericht‚
1575 1855 1676 1895 dass
1708 1855 1787 1895 das

288 1930 462 1972 Urtheil
494 1931 601 1972 uber
632 1932 694 1971 sie
725 1932 972 1986 ausspricht
1002 1932 1096 1974 halt
1128 1931 1536 1985 Horaz-Regulus''.

348 2008 536 2049 Multum
563 2008 722 2063 denuo,
749 2009 895 2063 credo,
924 2010 1119 2063 proderit
1147 2010 1376 2064 proposito
1405 2016 1556 2051 nostro
1573 2011 1786 2064 inspicere

289 2085 511 2127 Ciceronis
557 2085 691 2127 libros
739 2086 823 2136 „de
870 2086 1080 2128 Officiis”.
1131 2087 1216 2127 Hic
1263 2088 1378 2127 enim
1426 2088 1468 2127 in
1516 2086 1601 2128 fine
1649 2088 1785 2129 multa

287 2163 469 2205 tradidit
516 2163 571 2204 de
618 2164 802 2217 Regulo,
848 2164 1119 2219 multumque
1167 2164 1339 2206 extollit
1381 2165 1472 2205 eius
1514 2165 1720 2206 virtutem
1739 2163 1783 2218 3).

290 2240 433 2290 „Octo
475 2240 703 2282 hominum
737 2241 855 2282 milia
885 2242 1064 2283 tenebat
1097 2241 1330 2282 Hannibal.
1368 2242 1457 2282 Eos
1490 2248 1666 2283 senatus
1698 2256 1785 2283 non

288 2319 456 2360 censuit
488 2319 779 2368 redimendos,
814 2333 913 2360 cum
947 2318 989 2359 id
1021 2333 1158 2373 parva
1192 2320 1377 2373 pecunia
1409 2319 1500 2360 fieri
1533 2327 1704 2374 posset:
1739 2326 1786 2362 ut

287 2403 402 2437 esset
444 2397 620 2438 insitum
664 2396 873 2437 militibus
904 2397 1076 2446 nostris,
1111 2403 1192 2438 aut
1220 2397 1390 2437 vincere
1420 2404 1500 2437 aut
1528 2397 1678 2440 emori.
1713 2397 1786 2439 Sic

287 2473 531 2516 honestatis
574 2455 902 2528 comparatione
945 2488 1008 2523 ea,
1053 2488 1164 2528 quae
1207 2473 1408 2516 videntur
1440 2475 1572 2524 utilia,
1607 2475 1785 2516 vincun-

288 2557 473 2592 tur....
524 2551 806 2605 Perspicuum
855 2557 921 2592 est
967 2553 1096 2602 enim,
1146 2565 1259 2606 quae
1300 2552 1455 2593 timido
1497 2551 1606 2593 fiant
1637 2553 1784 2592 animo

339 2681 372 2724 1)
398 2680 469 2715 Off.
496 2681 561 2725 ΙΙΙ,
588 2680 644 2725 26,
669 2690 752 2726 991.

336 2753 372 2796 2)
396 2752 446 2786 1.l.
473 2762 558 2797 pag.
584 2762 617 2797 9.

336 2824 374 2867 3)
403 2822 475 2857 Off.
502 2824 566 2857 ΙΙΙ.
594 2833 652 2867 32,
682 2833 756 2866 114.
