1955 3157
917 228 995 269 103

215 348 258 389 ni
301 348 438 390 fallor.
484 349 681 391 Efficitur
713 349 827 390 enirn
859 347 1098 390 luculenter
1129 363 1187 389 ex
1219 351 1436 402 poematis
1468 356 1702 393 contextu:

594 467 747 501 »Martis
772 466 878 512 equis
904 466 1119 501 Acheronta
1145 465 1240 510 fugit

592 526 752 560 Gratum
778 525 926 560 elocuta
951 525 1235 560 consiliantibus

593 586 734 619 Iunone
760 584 891 619 divis.’'

273 687 399 728 Facit
440 687 570 740 igitur
608 687 817 728 Horatius
849 686 954 728 deos
986 687 1109 741 quasi
1143 687 1373 727 concilium
1407 687 1617 729 habentes
1649 688 1704 729 de

218 763 407 814 Quirino
439 765 481 804 in
512 764 678 804 caelum
711 765 981 804 assumendo.
1011 764 1205 818 Ideoque
1232 764 1372 818 inquit
1399 764 1701 818 Niemeyerus,

211 854 298 881 non
340 842 483 894 potuit
515 855 589 881 eos
622 841 770 882 iubere
802 841 884 882 dea
916 841 1103 881 condere
1136 841 1338 891 Romam,
1375 842 1590 891 „sondern
1623 856 1704 884 nur

211 917 294 958 den
343 917 687 959 Wiederaufbau
736 918 812 958 des
860 918 976 958 alten
1024 918 1066 958 in
1111 917 1250 958 Asien
1291 919 1559 960 verbieten''.
1602 919 1703 960 Non

210 995 338 1035 video
369 995 474 1049 quid
507 995 652 1036 obstet
683 994 783 1036 huic
815 995 1110 1048 explicationi.

271 1072 447 1113 Erravit
492 1079 642 1113 tamen
688 1072 780 1125 ipse
827 1072 1013 1126 scriptor
1059 1085 1159 1113 cum
1201 1071 1388 1113 diceret:
1434 1072 1568 1122 „Halt
1601 1087 1701 1114 man

210 1150 292 1190 mir
332 1155 549 1203 entgegen
582 1149 685 1190 dasz
717 1149 855 1190 durch
889 1150 1031 1190 meine
1063 1149 1334 1203 Auffassung
1365 1149 1434 1190 die
1466 1150 1591 1191 Rede
1623 1151 1702 1192 der

207 1228 322 1280 Juno
340 1227 447 1268 oder
465 1228 726 1281 wenigstens
744 1227 820 1267 der
839 1226 1020 1268 Schlusz
1038 1226 1265 1267 derselben
1273 1227 1395 1280 jedes
1409 1227 1700 1269 moralischen

209 1304 378 1346 Inhalts
410 1303 651 1345 entkleidet
684 1304 841 1354 werde,
876 1318 924 1344 so
956 1304 1068 1357 gebe
1100 1304 1169 1345 ich
1202 1305 1319 1345 diese
1346 1304 1701 1357 Mangeldurch-

208 1396 286 1423 aus
329 1396 393 1436 zu⁷
437 1382 578 1422 meine
620 1381 726 1422 aber
758 1382 880 1431 eben,
915 1382 1019 1422 dasz
1051 1381 1127 1422 der
1160 1382 1301 1422 Natur
1333 1382 1409 1422 des
1442 1382 1590 1422 Horaz
1623 1383 1701 1423 das

207 1459 560 1513 Moralpredigen
594 1458 712 1499 nicht
745 1459 867 1499 recht
899 1472 1183 1512 angemessen
1217 1459 1347 1500 war.''
1382 1459 1497 1500 Nam
1530 1460 1700 1500 etiamsi

208 1536 317 1577 deae
372 1537 616 1577 orationem
674 1550 754 1589 pro
811 1535 957 1577 fabula
1004 1535 1228 1589 eleganter
1274 1550 1299 1576 a
1346 1542 1476 1590 poeta
1523 1543 1701 1578 narrata

206 1613 433 1664 habemus,
476 1613 709 1654 dicendum
747 1619 894 1654 tamen
927 1619 1007 1665 est,
1042 1613 1233 1653 fabulam
1265 1613 1382 1654 illam
1414 1626 1501 1653 non
1534 1620 1700 1654 temere

206 1691 291 1731 hoc
323 1690 421 1731 loco
452 1704 546 1731 esse
579 1691 864 1744 propositam.
899 1690 1068 1730 Maiore
1099 1690 1214 1730 enim
1246 1704 1379 1744 quarn
1412 1689 1595 1731 fortasse
1622 1705 1700 1745 par

207 1774 289 1821 est,
333 1768 504 1820 ardore,
551 1768 634 1808 dea
680 1768 756 1808 vix
804 1767 1000 1821 professa
1047 1768 1297 1817 amicitiam,
1348 1768 1517 1808 Romae
1565 1768 1698 1809 Urbis

206 1845 380 1886 laudem
437 1845 725 1899 grandiloque
784 1845 948 1897 laudat,
1008 1845 1178 1885 Romae
1226 1844 1409 1897 gloriam
1458 1846 1698 1886 maximam

206 1923 419 1976 praedicit
466 1922 669 1964 futuram.
719 1922 859 1976 Atqui
908 1936 1057 1963 versus
1106 1922 1164 1962 illi
1217 1922 1486 1963 celeberrimi
1530 1923 1699 1976 patriae

206 2014 401 2041 amorem
434 2000 549 2053 apud
581 2000 758 2040 iuvenes
792 2000 1015 2039 Romanos
1050 2006 1096 2040 ut
1123 2000 1368 2040 excitarent
1391 2006 1506 2040 certe
1526 2000 1698 2041 fuerunt

205 2077 363 2117 idonei.
398 2077 463 2118 At
495 2083 662 2129 contra,
695 2077 729 2117 si
758 2076 909 2117 ultima
938 2091 1040 2130 pars
1067 2077 1270 2117 carminis
1297 2082 1469 2118 tantum
1487 2076 1696 2130 explicari

206 2161 354 2208 posset
386 2168 443 2194 ex
476 2155 539 2195 ira
570 2154 642 2195 illa
674 2154 867 2208 antiqua,
902 2168 980 2207 per
1012 2168 1081 2195 me
1113 2154 1286 2195 liceret:
1322 2178 1375 2182 —
1408 2157 1550 2207 μῦθος
1582 2155 1696 2195 enim

206 2238 405 2273 maneret
435 2234 590 2285 μῦθος.
625 2232 762 2272 Recte
795 2238 941 2272 autern
974 2232 1045 2272 hic
1071 2231 1224 2271 afferre
1252 2245 1380 2285 posse
1397 2231 1568 2272 videtur
1585 2246 1698 2286 quae

206 2309 355 2350 docuit
397 2323 477 2349 nos
510 2308 787 2349 doctissimus
818 2309 883 2349 vir
915 2307 1246 2361 Zielinskius1):
1282 2308 1409 2357 „dass
1442 2308 1511 2348 die
1543 2309 1697 2350 aristo—

205 2386 425 2428 kratische
451 2386 622 2440 Jugend
640 2386 735 2426 eine
752 2386 1032 2440 korporative
1050 2385 1362 2438 Organisation
1379 2386 1513 2435 hatte,
1536 2386 1696 2427 welche

205 2464 275 2503 ein
303 2463 545 2504 dreifaches
565 2463 655 2504 Ziel
673 2462 900 2517 verfolgte,
920 2463 989 2503 ein
1008 2462 1366 2517 padagogisches,
1387 2463 1456 2503 ein
1475 2463 1696 2517 religioses

206 2540 294 2581 und
342 2541 410 2581 ein
458 2540 724 2595 politisches‚
768 2540 868 2582 dass
911 2540 980 2580 die
1023 2540 1270 2581 romischen
1304 2541 1462 2593 Pagen,
1497 2555 1570 2581 um
1602 2541 1694 2581 sich

205 2618 291 2658 den
318 2618 505 2659 Nimbus
533 2619 650 2658 eines
679 2618 907 2671 religiosen
935 2618 1133 2658 Instituts
1162 2632 1212 2658 zu
1239 2617 1472 2670 verleihen‚
1492 2618 1561 2658 die
1579 2616 1695 2659 alten

207 2695 286 2736 mit
317 2696 394 2735 der
423 2694 670 2748 Grundung
697 2695 834 2735 Roms
863 2694 1375 2748 zusammenhangenden
1403 2694 1695 2747 trojanischen

257 2831 290 2874 1)
315 2829 372 2864 Cf.
398 2832 504 2864 Neue
528 2830 656 2874 Jahrb.
688 2837 787 2875 1905.
