1955 3157
911 216 961 256 33

198 335 386 376 worden.
434 336 483 375 In
530 334 607 375 der
653 335 740 375 Tat
787 335 840 374 ist
887 334 1002 383 alles,
1053 348 1140 375 was
1184 335 1241 374 im
1284 341 1426 376 ersten
1459 335 1581 376 Teile
1613 349 1683 376 am

197 412 422 465 tuchtigen
461 412 626 452 Romer
656 411 861 464 geruhmt
893 411 961 459 ist,
993 424 1042 450 so
1075 410 1174 450 sehr
1206 411 1305 451 dem
1339 411 1509 464 Begriff
1533 412 1685 452 Virtus

197 488 529 542 entsprechend,
558 488 659 528 dasz
687 502 732 528 es
760 487 874 528 wohl
902 487 1108 528 mancher
1137 488 1270 528 Leser
1296 501 1374 541 gar
1392 488 1511 528 nicht
1529 488 1690 542 merkt,

199 566 298 607 dass
325 566 404 606 das
432 565 560 606 Wort
586 564 739 606 Virtus
766 565 880 606 noch
902 578 981 618 gar
998 565 1119 605 nicht
1136 565 1379 618 gebraucht
1396 565 1572 606 worden
1591 566 1687 606 ist.’'

259 643 366 683 Tale
394 648 713 696 argumentum,
742 656 1011 696 quamquam
1040 655 1126 682 non
1143 648 1308 683 temere
1325 648 1391 683 est
1409 642 1687 692 reiciendum,

199 721 242 761 ni
274 720 556 761 vehementer
588 719 724 768 fallor,
759 720 964 760 idoneum
997 725 1062 760 est
1093 719 1270 773 quidem
1304 726 1351 760 ut
1384 719 1469 760 alia
1499 719 1692 760 firmiora

198 797 428 838 confirmet
475 803 518 838 et
565 796 760 846 illustret,
810 810 896 836 non
944 802 990 836 ut
1037 796 1087 836 iis
1129 797 1401 850 persuadeat,
1449 796 1523 850 qui
1566 796 1691 837 aliter

199 875 399 916 sentiant.
430 874 519 915 Suo
546 874 662 914 enim
691 874 781 914 iure
807 874 1103 928 unusquisque
1121 872 1311 926 negabit,
1330 887 1443 928 quae
1461 873 1692 914 affirmavit

200 958 364 992 auctor.
398 951 579 992 Paulum
612 951 745 1004 igitur
776 950 1025 1004 diligentius
1053 951 1108 991 de
1135 950 1206 991 illa
1224 964 1270 991 re
1287 957 1354 992 est
1371 951 1690 1006 inquirendum.

319 1057 360 1100 b.
395 1057 634 1110 Scrz'ptorz‘s
664 1057 1002 1111 argumentatio,

260 1146 412 1200 Atque
444 1147 655 1187 unitatem
687 1147 805 1187 nullo
838 1146 971 1187 modo
1003 1147 1059 1187 ab
1091 1147 1327 1200 interprete
1355 1146 1503 1187 fictam
1532 1147 1608 1188 sed
1636 1147 1692 1188 ab

201 1224 296 1277 ipso
328 1230 459 1277 poeta
491 1223 780 1277 significatam
814 1237 908 1264 esse
941 1230 1075 1264 restat
1108 1230 1155 1265 ut
1187 1224 1396 1277 probetur
1415 1226 1460 1277 1).

262 1300 359 1341 Hoc
386 1301 551 1354 optime
579 1300 670 1341 fieri
699 1314 827 1354 posse
844 1314 1016 1355 semper
1033 1301 1195 1342 credidi
1214 1301 1298 1342 hac
1315 1302 1694 1355 argumentatione

201 1376 444 1431 „negativass
477 1384 524 1419 ut
557 1378 617 1419 ita
649 1377 817 1418 dicam:

261 1455 306 1496 si
354 1455 437 1496 hoc
484 1468 660 1496 carmen
708 1468 840 1496 unum
888 1455 1091 1509 idemque
1138 1456 1339 1510 persequi
1388 1462 1693 1509 argumentum

201 1532 383 1573 virtutis
429 1545 515 1573 non
563 1532 830 1584 conceditur,
878 1532 1086 1573 latissime
1134 1538 1255 1586 patet
1301 1534 1372 1573 via
1414 1533 1469 1573 ad
1502 1533 1694 1574 diversas

201 1609 435 1650 divisiones
482 1609 714 1650 faciendas.
750 1608 850 1662 Quo
883 1609 931 1649 fit
964 1616 1008 1650 et
1040 1608 1202 1651 factum
1237 1611 1323 1650 iam
1357 1616 1433 1660 est,
1468 1616 1516 1651 ut
1548 1611 1618 1651 alii
1652 1611 1695 1650 in

201 1693 304 1739 tres,
352 1686 423 1727 alii
470 1687 512 1726 in
559 1692 779 1740 quattuor,
824 1686 894 1727 alii
936 1686 1048 1728 forte
1093 1687 1134 1727 in
1176 1693 1243 1728 tot
1275 1693 1383 1741 quot
1415 1694 1696 1729 numerantur

202 1764 423 1817 strophae,
447 1763 617 1804 diversa
635 1764 827 1804 carmina
846 1778 978 1804 unum
996 1778 1172 1804 carmen
1190 1764 1417 1805 dissecent.
1438 1764 1601 1819 Atque,
1622 1765 1695 1805 ubi

202 1841 421 1882 vinculum
468 1840 571 1881 illud
604 1841 821 1882 internum
854 1854 986 1895 supra
1018 1841 1256 1883 indicatum
1288 1842 1396 1882 solvi
1430 1856 1582 1895 passus
1614 1842 1696 1882 eris

203 1919 359 1958 misere
387 1918 592 1959 dilabitur
619 1918 727 1958 haec
753 1917 850 1968 oda,
883 1919 925 1958 in
953 1925 1112 1972 partes,
1142 1933 1254 1973 quae
1276 1933 1346 1959 me
1365 1919 1505 1960 iudice
1523 1933 1601 1960 nec
1619 1933 1696 1973 per

203 2009 249 2036 se
280 2001 462 2049 possunt
487 2001 617 2047 stare,
645 2008 724 2035 nec
752 1996 856 2036 satis
874 1995 1109 2036 cohaerere
1127 1997 1328 2037 videntur
1345 2010 1444 2036 cum
1462 1997 1629 2046 ceteris,
1650 2002 1697 2038 ut

204 2086 336 2113 unum
369 2071 675 2126 corpusculum
707 2072 908 2114 efficiant.
936 2096 994 2102 ——
1021 2072 1152 2126 Quod
1179 2072 1234 2113 ad
1262 2073 1421 2114 verba:
1452 2087 1592 2128 „quae
1610 2087 1696 2115 non

204 2156 386 2203 possunt
407 2155 523 2190 stare
541 2163 619 2203 per
635 2148 724 2191 se''.
742 2174 798 2180 —
817 2149 1036 2203 Quoniam
1054 2150 1179 2203 plura
1195 2158 1294 2192 sunt
1312 2164 1444 2205 quam
1463 2157 1511 2192 ut
1527 2151 1698 2205 singula

204 2227 362 2268 iterum
420 2227 511 2267 sine
567 2226 713 2268 taedio
765 2228 1018 2268 examinare
1066 2228 1294 2281 possimus,
1345 2242 1477 2269 unum
1525 2234 1697 2269 tantum

204 2304 445 2345 alterumve
472 2304 723 2357 exemplum
746 2318 967 2358 exponere
984 2305 1124 2347 liceat.
1143 2329 1201 2335 —
1218 2304 1326 2359 Quis
1344 2305 1536 2359 exempli
1555 2307 1699 2359 gratia

204 2381 449 2423 absolutam
477 2395 571 2421 esse
598 2381 748 2422 credat
775 2395 854 2421 nec
882 2382 924 2421 in
949 2382 1091 2422 media
1109 2395 1154 2422 re
1171 2381 1352 2422 lzaerere
1370 2389 1540 2436 partem
1559 2383 1698 2424 hanc:

539 2474 772 2518 »Angustam
797 2474 917 2508 amice
942 2475 1160 2520 pauperiem
1187 2475 1265 2520 pati

541 2533 732 2567 Robustus
757 2534 835 2567 acri
860 2533 993 2568 militia
1018 2545 1111 2580 puer

586 2592 788 2627 Condiscat
813 2599 849 2627 et
875 2594 1032 2628 Parthos
1058 2593 1199 2629 feroces

635 2652 753 2686 Vexet
778 2663 891 2697 eques
916 2653 1139 2688 metuendus
1164 2653 1286 2696 hasta,

259 2753 292 2795 1)
317 2751 412 2786 Vide
445 2757 651 2797 praeterea,
684 2763 781 2797 quae
815 2753 944 2798 scripsi
970 2753 1067 2787 infra
1092 2754 1141 2788 ad
1167 2754 1466 2789 confirmandam
1493 2755 1591 2789 hanc
1620 2766 1701 2790 sen-

207 2810 376 2845 tentiam.
403 2809 468 2856 §8,
494 2822 579 2856 pag.
606 2819 652 2854 70
676 2822 732 2856 sq.

1537 2895 1557 2929 3
