1955 3157
907 203 986 246 117

191 324 465 366 conscribere
516 323 672 364 saltem
719 323 864 377 coepit,
913 337 992 364 nec
1039 329 1187 364 tamen
1234 323 1369 364 verbo
1417 326 1684 368 mentionem

191 403 284 444 eius
325 401 439 452 fecit,
478 401 573 442 luce
605 401 761 442 clarius
792 407 976 456 apparet
1007 401 1282 455 propositum
1314 402 1406 442 eius
1437 417 1521 443 non
1554 403 1684 445 fuisse

191 485 238 521 ut
284 479 490 533 principis
538 479 814 520 clementiam
862 477 1072 520 laudaret.
1121 478 1208 518 Illis
1254 492 1373 530 vero,
1420 480 1494 534 qui
1541 480 1684 521 denuo

189 556 301 597 clam
334 570 432 597 eum
466 555 700 609 significari
733 555 886 596 volunt
917 556 973 596 ab
1005 555 1210 608 Horatio,
1240 555 1498 609 respondeo,
1527 557 1684 610 impios

189 633 371 674 Titanas
390 632 434 686 1),
483 639 713 687 totamque
754 632 872 673 illam
916 631 1180 686 Giganteam
1221 631 1395 673 turbam
1428 639 1519 674 tam
1552 647 1683 687 saepe

188 724 337 750 coram
380 710 649 751 auditoribus
688 710 901 750 Romanis
933 709 1063 751 fuisse
1095 709 1373 750 decantatam
1407 723 1432 749 a
1464 711 1604 763 poetis
1637 717 1684 751 ut

189 800 317 827 nemo
350 788 507 828 merito
539 793 798 840 exspectare
829 793 991 840 posset,
1019 800 1093 827 eos
1120 786 1203 827 hoc
1229 786 1327 826 loco
1344 787 1682 841 descriptionem

189 863 380 917 Augusti
413 863 688 918 quaesituros
721 877 815 904 esse
848 864 929 904 sub
963 863 1147 904 exoletis
1180 863 1260 904 illis
1293 863 1568 918 imaginibus.

393 989 418 1041 ᾗ
449 1000 489 1039 4.
540 987 925 1029 CANTAVERITNE
958 986 1280 1028 CLEMENTIAM
1312 997 1467 1029 POETA

642 1073 915 1106 SCRIPTORIS
947 1074 1226 1106 SENTENTIA.

247 1161 405 1202 Fuitne
468 1166 615 1201 autem
672 1160 860 1201 Horatio
917 1159 1144 1201 consilium
1202 1167 1249 1202 ut
1306 1161 1580 1202 clementiam
1638 1163 1681 1203 in

186 1239 432 1279 universum
465 1237 748 1278 decantaret?
775 1238 877 1278 Non
904 1237 984 1278 fuit
1010 1238 1140 1278 credo
1168 1238 1393 1279 consilium
1412 1239 1678 1292 primarium.

185 1315 332 1356 Medio
364 1316 569 1364 carmine,
598 1315 658 1356 uti
688 1315 773 1355 iam
801 1314 1000 1365 vidimus,
1025 1314 1259 1369 alloquitur
1286 1316 1457 1367 Musas;
1477 1318 1680 1357 carminis

183 1392 306 1433 initio
349 1393 459 1433 mira
501 1398 648 1434 narrat
690 1392 744 1432 de
785 1392 942 1445 seipso.
987 1392 1052 1433 At
1083 1393 1347 1447 quicumque
1380 1394 1502 1434 novit
1535 1394 1680 1435 Flacci

184 1470 390 1520 carmina,
439 1483 538 1510 eum
581 1474 625 1510 et
665 1469 837 1522 saepius
879 1468 1079 1510 laudasse
1121 1470 1269 1510 Musas
1301 1476 1344 1511 et
1376 1471 1567 1524 seipsum
1600 1485 1679 1526 pro

184 1547 363 1601 egregio
394 1553 526 1600 poeta
559 1546 763 1587 habuisse
795 1547 972 1587 minime
1004 1546 1188 1600 ignorat.

244 1624 365 1677 Ergo
407 1637 494 1664 non
537 1623 784 1664 mirandum
827 1629 894 1664 est
935 1623 1061 1664 nobis
1102 1624 1326 1664 Musarum
1366 1626 1678 1678 praestantiam

183 1716 264 1742 sua
310 1701 607 1742 incolumitate
654 1701 884 1742 ostendere
931 1701 1118 1742 voluisse
1161 1702 1384 1742 hominem
1429 1703 1561 1756 illum,
1605 1704 1678 1757 qui

184 1779 346 1829 „veluti
387 1779 645 1820 vanissimus
687 1777 965 1820 mortalium''
1009 1784 1053 1818 et
1097 1780 1251 1827 „nimis
1285 1780 1515 1833 magnifice
1546 1781 1600 1820 de
1632 1794 1678 1821 se

182 1855 400 1898 sentiens''
433 1863 615 1898 vocatus
647 1862 713 1897 est
745 1869 882 1910 nuper
914 1870 940 1896 a
970 1856 1148 1896 Nabero
1180 1870 1259 1897 V.c.
1280 1858 1325 1910 2>,
1354 1856 1542 1899 Accedit
1559 1857 1678 1912 quod

182 1934 317 1975 totius
362 1934 565 1974 carminis
612 1933 753 1974 forma
796 1933 976 1974 denotat
1017 1933 1209 1974 animum
1252 1934 1493 1989 ardentem,
1526 1942 1678 1988 gratae

183 2011 495 2052 recordationis
512 2011 701 2065 plenum,
720 2011 932 2052 beneficia
949 2017 1193 2064 expertum.
1223 2012 1280 2052 Et
1298 2012 1416 2066 quod
1434 2013 1676 2053 maximum

183 2096 261 2143 est,
309 2089 496 2130 decebat
543 2089 693 2143 utique
737 2102 970 2129 musarum
1011 2089 1285 2139 sacerdotem,
1331 2103 1416 2130 non
1449 2090 1589 2131 solum
1621 2092 1677 2132 ad

182 2167 400 2216 virtutem,
445 2166 501 2206 ad
543 2166 833 2207 constantiam
879 2166 1072 2206 excitare
1117 2166 1306 2216 iuvenes,
1349 2180 1499 2208 verum
1543 2168 1676 2209 etiam

182 2243 340 2284 docere
388 2256 464 2283 eos
510 2243 702 2296 ipsarum
749 2243 973 2284 Musarum
1019 2243 1200 2293 cultam,
1248 2244 1399 2298 quanti
1447 2245 1517 2285 hic
1563 2251 1677 2286 esset

181 2321 424 2373 habendus⁷
480 2327 645 2375 quanta
701 2321 817 2361 bona
874 2321 1143 2374 importaret.
1199 2320 1323 2374 Quae
1370 2335 1424 2362 ne
1471 2322 1674 2373 riderent,

181 2399 434 2451 exemplum
468 2397 668 2438 Caesaris
700 2397 840 2450 affert,
868 2398 940 2450 qui
968 2404 1068 2451 post
1095 2403 1161 2439 tot
1188 2397 1353 2452 proelia
1370 2405 1413 2440 et
1430 2399 1676 2454 triumphos

181 2475 292 2516 infra
323 2489 369 2516 se
400 2489 487 2515 non
519 2475 673 2516 habuit
704 2474 936 2529 tranquille
967 2474 1110 2515 colere
1142 2475 1292 2515 Musas

658 2568 806 2602 »Finire
831 2574 1074 2613 quaerentem
1100 2567 1248 2602 labores

654 2627 774 2662 Pierio
800 2627 974 2661 recreatis
999 2627 1140 2662 antro.’'

233 2736 266 2779 1)
291 2733 346 2769 Cf.
374 2746 410 2769 ν.
436 2744 482 2777 42
508 2746 589 2780 sqq.

230 2806 265 2849 2)
292 2804 348 2840 Cf.
375 2805 425 2840 l.l.
451 2816 535 2850 pag.
564 2815 619 2849 23.
