1955 3157
1001 310 1082 341 100

301 430 448 484 Spitze
505 429 702 484 gestellte
758 430 1023 484 zweimalige
1069 429 1178 470 Ilion
1226 430 1470 471 besondern
1519 429 1787 472 Nachdruck

299 507 506 549 verleiht:

965 576 1093 621 »Ilion,
1120 577 1213 611 Ilion

679 636 820 671 Fatalis
844 636 1080 681 incestusque
1106 636 1218 671 iudex

726 697 773 730 Et
798 695 933 729 mulier
958 695 1154 740 peregrina
1180 696 1293 730 vertit

633 755 676 788 In
702 754 896 800 pulverem
921 765 967 788 ex
991 765 1066 800 quo
1092 754 1258 789 destituit
1283 754 1374 789 deos

631 813 804 848 Mercede
828 820 939 859 pacta
964 813 1191 858 Laomedon,
1217 814 1309 848 mihi

677 873 888 918 Castaeque
913 872 1135 908 damnatum
1161 873 1354 907 Minervae

725 932 822 966 Cum
848 932 988 977 populo
1013 938 1050 967 et
1074 932 1170 967 duce
1195 931 1470 967 fraudulento.''

359 1040 464 1081 Veri
495 1039 692 1094 profecto
717 1046 818 1082 sunt
844 1039 970 1081 valde
996 1039 1152 1081 similia
1178 1054 1291 1095 quae
1317 1040 1499 1082 tradidit
1525 1040 1592 1081 vir
1618 1038 1788 1081 doctus.

301 1118 360 1158 Et
387 1118 441 1157 ad
469 1116 813 1158 confirmandam
843 1117 976 1171 ipsius
998 1118 1243 1158 doctrinam
1261 1117 1463 1172 equidem
1480 1116 1642 1158 addere
1659 1117 1788 1158 velim

299 1208 449 1235 versus
481 1194 575 1235 illos
606 1203 780 1248 49—-52
816 1195 965 1249 „quasi
998 1209 1076 1249 per
1108 1208 1236 1236 auras
1269 1193 1515 1248 delapsos”:

630 1312 797 1345 »Aurum
823 1311 1044 1358 irrepertum
1070 1318 1107 1346 et
1133 1312 1184 1346 sic
1211 1312 1345 1346 melius
1370 1312 1483 1346 situm

630 1371 726 1405 Cum
752 1377 851 1405 terra
877 1372 985 1414 celat,
1010 1382 1184 1417 spernere
1210 1371 1340 1406 fortior

631 1430 755 1474 Quam
780 1442 912 1475 cogere
938 1431 1125 1465 humanos
1150 1431 1189 1465 in
1215 1442 1304 1466 usus

629 1489 750 1524 Omne
776 1501 924 1525 sacrum
951 1490 1119 1536 rapiente
1144 1490 1309 1525 dextra.”

299 1597 464 1651 optime
505 1597 725 1638 conciliari
767 1611 895 1652 posse
935 1612 1034 1639 cum
1077 1599 1127 1639 iis
1158 1613 1271 1654 quae
1303 1598 1427 1640 dixit.
1462 1599 1637 1640 Etenim
1670 1612 1788 1640 com-

300 1680 568 1716 memoratur
610 1675 879 1726 Laomedon,
923 1677 997 1730 qui
1039 1677 1144 1717 deos
1182 1677 1383 1717 mercede
1415 1683 1545 1730 pacta
1577 1677 1787 1718 destituit.

299 1751 440 1806 Atqui
473 1765 638 1792 merces
665 1753 748 1793 deo
775 1752 948 1794 cuidam
976 1760 1107 1807 pacta
1133 1760 1250 1795 recte
1276 1754 1360 1794 dici
1378 1760 1525 1808 potest
1543 1753 1786 1803 ,‚sacrum'’.

300 1829 400 1870 Hoc
430 1835 577 1870 autem
610 1830 692 1870 deo
725 1831 848 1883 quasi
881 1837 1055 1884 raptum
1087 1837 1176 1872 est:
1212 1832 1405 1885 „rapitur
1436 1830 1637 1872 dextra.”

359 1906 425 1947 At
450 1905 593 1947 denuo
620 1907 797 1948 obstant
824 1908 1030 1949 nonnulla
1057 1909 1289 1962 quominus
1316 1909 1433 1949 omni
1461 1922 1518 1948 ex
1546 1914 1671 1962 parte
1688 1921 1787 1949 cum

300 1996 353 2023 eo
379 1983 601 2026 faciamus.
622 1984 722 2024 Non
739 1991 805 2026 est
822 1985 865 2024 id
882 1984 1000 2039 quod
1018 1986 1243 2027 annotavit
1261 1986 1549 2039 Niemeyerus
1562 1983 1617 2038 1);
1639 1984 1787 2034 „hatte

301 2060 447 2101 Horaz
495 2061 631 2101 Roms
678 2061 936 2103 Herrschaft
978 2063 1036 2103 im
1079 2063 1271 2104 Bestand
1313 2076 1368 2104 an
1411 2063 1481 2104 die
1528 2062 1788 2116 Bedingung

299 2143 427 2190 guter
459 2136 599 2179 Sitten
632 2137 825 2192 knupfen
853 2138 1006 2191 lassen,
1036 2153 1084 2181 so
1112 2140 1236 2181 hatte
1262 2140 1341 2181 das
1369 2141 1411 2180 in
1433 2140 1596 2181 seinem
1624 2139 1787 2181 Munde

301 2214 420 2254 nicht
451 2214 534 2255 viel
566 2215 722 2256 anders
750 2216 977 2269 geheissen
1004 2216 1067 2258 als
1095 2217 1210 2258 Rom
1237 2218 1384 2258 seinen
1407 2217 1611 2271 baldigen
1629 2215 1786 2260 Unter-

300 2304 417 2344 gang
448 2290 781 2344 prophezeien.''
816 2292 991 2334 Etenim
1023 2293 1066 2333 in
1098 2294 1314 2335 sententia
1341 2293 1521 2346 Seligeri
1548 2293 1787 2335 rectissime

300 2368 521 2409 interitum
550 2369 738 2409 minatur
765 2376 907 2423 poeta,
936 2370 1176 2411 dummodo
1203 2384 1256 2411 ne
1280 2370 1488 2424 impleant
1510 2370 1786 2411 condiciones

301 2445 546 2497 propositas
576 2445 776 2486 Romani.
811 2445 897 2487 Sed
929 2447 1152 2501 quomodo
1184 2447 1422 2489 secundum
1455 2447 1694 2500 Seligerum
1724 2447 1785 2487 in-

301 2520 569 2574 tellegendus
600 2523 656 2563 sit
687 2536 859 2564 versus:
895 2538 975 2573 „ne
1003 2525 1182 2565 nimium
1210 2525 1313 2578 pii’'⁷
1340 2538 1424 2577 ego
1452 2538 1537 2564 non
1565 2523 1783 2577 intellego.

360 2597 525 2651 Nequit
564 2599 679 2639 enim
721 2599 804 2640 dici
846 2600 970 2651 serio,
1015 2600 1162 2654 (idque
1194 2601 1370 2641 minime
1401 2614 1427 2640 a
1458 2600 1572 2640 Iovis
1603 2613 1742 2641 uxore
1756 2599 1785 2654 ἔ)

303 2674 478 2715 Etenim
509 2675 551 2714 in
583 2675 674 2716 eius
706 2676 1064 2729 interpretatione
1092 2682 1237 2726 „tecta
1262 2676 1421 2717 Troiae
1450 2676 1682 2730 reparare’'
1701 2675 1785 2717 hoc

301 2751 540 2803 significat:
583 2752 714 2792 nimia
745 2752 934 2807 aliquem
971 2766 1153 2807 peccare
1185 2754 1348 2807 pietate
1379 2767 1431 2793 eo
1463 2753 1581 2807 quod
1614 2766 1783 2794 morum

353 2905 386 2947 1)
411 2903 460 2938 l.l.
488 2914 570 2948 pag.
597 2913 651 2946 71.
