1955 3157
428 1904 469 1928 10

428 2246 466 2282 15

756 835 1057 907 CAPUT
1110 837 1196 905 Ill.

777 1128 1067 1186 CARMEN
1105 1129 1171 1182 111.

561 1265 705 1299 Iustum
730 1271 767 1299 et
792 1270 962 1299 tenacem
989 1265 1169 1310 propositi
1196 1265 1318 1299 virum

563 1325 647 1358 Non
673 1324 812 1358 civium
838 1324 952 1358 ardor
977 1335 1096 1369 prava
1121 1323 1342 1366 iubentium,

610 1385 696 1417 Non
724 1383 848 1418 voltus
873 1383 1046 1418 instantis
1072 1383 1222 1427 tyranni

658 1444 783 1477 Mente
808 1443 929 1488 quatit
955 1442 1075 1477 solida
1101 1453 1222 1487 neque
1247 1443 1394 1486 Auster,

562 1550 648 1583 Dux
674 1549 830 1594 inquieti
855 1549 1029 1584 turbidus
1055 1549 1234 1591 Hadriae,

563 1610 641 1643 Nec
668 1608 901 1643 fulminantis
927 1620 1065 1653 magna
1090 1620 1224 1643 manus
1249 1608 1365 1643 Iovis:

611 1669 648 1703 Si
675 1668 816 1703 fractus
841 1668 1019 1702 illabatur
1045 1668 1158 1711 orbis,

660 1727 899 1773 Impavidum
926 1727 1058 1762 ferient
1084 1727 1224 1762 ruinae.

565 1836 647 1869 Hac
673 1841 753 1869 arte
778 1835 910 1869 Pollux
937 1841 974 1868 et
999 1845 1119 1879 vagus
1145 1834 1327 1868 Hercules

565 1895 702 1938 enisus,
726 1905 830 1928 arces
855 1894 977 1938 attigit
1004 1893 1143 1938 igneas,

613 1954 717 1998 Quos
742 1953 837 1987 inter
862 1954 1054 1997 Augustus
1082 1952 1304 1987 recumbens

664 2013 856 2058 Purpureo
881 2012 985 2046 bibet
1011 2023 1074 2046 ore
1100 2018 1240 2055 nectar,

566 2119 648 2153 Hac
673 2124 709 2153 te
735 2126 953 2162 merentem,
977 2118 1125 2152 Bacche
1150 2123 1269 2163 pater,
1296 2123 1382 2152 tuae

567 2179 709 2212 Vexere
735 2179 849 2222 tigres
874 2177 1027 2212 indocili
1054 2177 1183 2221 iugum

612 2237 720 2272 Collo
745 2237 947 2278 trahentes,
973 2236 1044 2270 hac
1072 2236 1249 2280 Quirinus

661 2297 790 2330 Martis
816 2296 920 2341 equis
946 2296 1161 2330 Acheronta
1187 2295 1292 2339 sugit,

568 2402 727 2436 Gratum
754 2402 901 2436 elocuta
927 2401 1210 2436 consiliantibus

570 2462 711 2496 Iunone
737 2461 834 2495 divis
862 2460 990 2504 »Ilion‚
1019 2460 1113 2494 Ilion

615 2520 757 2554 Fatalis
783 2520 1020 2564 incestusque
1049 2519 1158 2553 iudex

664 2580 712 2613 Et
736 2579 870 2613 mulier
896 2579 1093 2624 peregrina
1118 2578 1230 2612 vertit

569 2679 614 2712 In
640 2679 847 2724 pulverem,
872 2689 917 2712 ex
943 2689 1017 2723 quo
1043 2678 1210 2712 destituit
1235 2677 1325 2711 deos

570 2738 742 2772 Mercede
767 2744 878 2783 pacta
902 2737 1117 2771 Laomedon
1143 2737 1235 2771 mihi

619 2797 828 2841 Castaeque
853 2796 1072 2830 damnatam
1100 2796 1290 2830 Minervae

667 2856 763 2889 Cum
789 2855 927 2900 populo
953 2861 989 2889 et
1014 2854 1109 2888 duce
1135 2854 1382 2888 fraudulento.
