1955 3157
976 273 1032 314 86

245 415 336 443 nun
367 402 601 457 allerdings
634 403 761 444 keine
793 403 1103 446 unmittelbare
1135 403 1388 456 Beziehung
1418 402 1496 444 auf
1522 402 1739 457 Regulus;

246 479 352 520 aber
400 493 446 520 es
487 479 691 521 handelte
733 481 826 522 sich
869 480 937 522 fiir
979 481 1062 521 den
1106 480 1290 521 Dichter
1331 493 1411 521 nur
1452 479 1619 529 darum,
1663 479 1742 521 das

248 555 345 596 Bild
379 557 495 597 eines
527 557 708 598 Mannes
741 573 790 599 zu
824 558 1073 607 entwerfen,
1102 558 1180 598 der
1206 571 1255 598 so
1284 557 1366 598 fest
1384 571 1472 598 war
1490 558 1569 597 wie
1586 556 1739 607 dieser,

246 633 352 673 olme
398 634 505 674 dasz
549 634 775 676 sc‘z‘mtliclze
822 634 940 688 Zilge
958 635 989 687 1)
1038 635 1118 675 mit
1159 635 1259 675 dem
1301 633 1513 675 Vorbilde
1545 634 1742 675 fiberein-

246 711 452 751 stimmen
485 710 767 752 brauehten.''
796 711 957 752 Mirum
985 717 1132 752 tamen
1160 716 1286 760 esset,
1315 710 1435 765 quod
1452 715 1584 764 poeta
1600 710 1742 751 virum

247 788 468 841 quendam
515 788 761 828 describere
808 788 970 837 volens,
1015 789 1079 829 sui
1123 788 1325 828 carminis
1367 801 1455 828 non
1495 788 1574 828 nisi
1618 787 1742 828 mini-

248 878 365 905 mam
413 870 583 918 partem
631 866 722 906 eius
768 865 979 906 tribueret
1024 865 1141 906 laudi
1173 889 1230 895 —
1262 865 1393 920 idque
1435 877 1522 919 qua
1563 864 1742 906 tandem

249 942 559 995 perspicuitate
572 941 586 982 ?

367 1096 404 1123 c.
438 1082 755 1136 Spectaverz'tne
778 1090 905 1137 poeta
937 1084 1088 1124 laudes
1123 1083 1310 1125 Catonis.

309 1189 476 1229 Maiore
508 1203 613 1229 sane
646 1189 955 1243 probabilitate
997 1191 1024 1230 ii
1054 1190 1303 1244 opinionem
1331 1202 1454 1230 suam
1481 1188 1743 1230 confirmant

248 1266 322 1320 qui
368 1265 581 1307 Catonem
619 1266 690 1307 hic
722 1267 911 1320 spectari
944 1273 1136 1308 censent.
1171 1266 1215 1307 A
1248 1266 1416 1308 Catone
1447 1266 1563 1306 enim
1595 1279 1742 1307 exem-

249 1343 369 1396 plum
397 1343 585 1384 iustitiae
610 1357 662 1384 ac
683 1344 932 1385 tenacitatis
951 1345 1203 1398 saepissime
1221 1345 1383 1397 petitur
1401 1344 1517 1397 apud
1537 1342 1741 1384 Tullium.

249 1420 400 1474 Atque
443 1421 595 1461 Petrus
639 1419 880 1462 Corssenus
912 1422 985 1475 qui
1023 1421 1123 1462 huic
1155 1421 1397 1462 sententiae
1428 1427 1494 1461 est
1527 1419 1740 1470 addictus,

249 1497 368 1537 locos
401 1497 631 1538 nonnullos
662 1497 809 1539 attulit
840 1500 884 1539 et
912 1497 1133 1539 Ciceronis
1150 1499 1181 1550 2)
1211 1500 1253 1538 et
1281 1497 1473 1539 Senecae
1491 1498 1520 1548 3)
1548 1498 1621 1551 qui
1638 1498 1743 1539 satis

250 1575 515 1615 conveniunt
556 1588 655 1615 cum
703 1575 752 1615 iis
799 1588 912 1629 quae
958 1575 1028 1615 hic
1070 1581 1170 1616 sunt
1202 1574 1438 1615 enuntiata.
1472 1573 1536 1614 At
1568 1575 1742 1615 tametsi

250 1665 333 1705 ego
385 1651 501 1692 aliud
548 1658 775 1705 praeterea
823 1652 994 1705 repperi
1041 1651 1293 1706 exemplum
1341 1650 1576 1702 Ciceronis,
1623 1652 1742 1706 quod

251 1729 390 1782 magis
432 1729 615 1770 fortasse
647 1728 908 1782 persuadeat
940 1728 1156 1769 nonnullis
1187 1742 1320 1782 quam
1353 1728 1435 1769 loci
1467 1743 1493 1769 a
1525 1728 1742 1770 Corsseno

252 1805 383 1855 allati,
418 1806 697 1846 nihilominus
729 1819 828 1846 cum
861 1819 914 1846 eo
947 1819 1033 1846 non
1067 1805 1192 1846 facio.

311 1883 455 1923 Locus
488 1888 578 1923 est:
613 1907 664 1912 ——-
700 1882 784 1923 Off.
820 1883 851 1932 I,
884 1893 935 1934 32
965 1906 1021 1912 —
1049 1883 1122 1923 ubi
1148 1881 1202 1922 de
1229 1888 1483 1924 naturarum
1500 1882 1742 1924 differentia

252 1973 401 2013 agenS,
434 1966 480 2001 ut
507 1959 620 2000 hanc
648 1973 795 2001 veram
820 1974 912 2000 esse
929 1960 1157 2001 ostendat:
1178 1959 1324 2008 „Num
1341 1960 1455 2000 enim
1473 1959 1569 2010 alia,
1588 1960 1740 2014 inquit,

253 2038 295 2078 in
313 2051 443 2078 causa
460 2037 518 2079 M.
539 2036 650 2078 Cato
668 2037 761 2089 fuit,
779 2037 863 2078 alia
880 2037 1012 2078 ceteri
1030 2037 1104 2091 qui
1121 2050 1167 2077 se
1185 2037 1227 2076 in
1245 2036 1398 2077 Africa
1417 2036 1592 2078 Caesari
1609 2037 1742 2078 tradi-

254 2113 435 2155 derunt?
462 2112 594 2168 Atqui
623 2114 778 2155 ceteris
804 2113 984 2154 forsitan
1011 2114 1117 2154 vitio
1144 2114 1295 2154 datum
1325 2120 1452 2166 esset,
1468 2115 1504 2154 si
1522 2128 1568 2155 se
1586 2115 1742 2155 intere-

254 2191 447 2244 missent⁷
481 2197 713 2244 propterea
744 2190 862 2244 quod
895 2191 1031 2231 lenior
1057 2204 1207 2232 eorum
1235 2191 1324 2231 vita
1351 2197 1395 2232 et
1412 2205 1556 2232 mores
1573 2191 1742 2233 fuerant

255 2267 490 2307 faciliores:
526 2266 682 2308 Catoni
715 2273 861 2307 autem
893 2281 991 2307 cum
1020 2267 1315 2307 incredibilem
1342 2267 1562 2308 tribuisset
1588 2273 1742 2309 natura

254 2344 528 2398 gravitatem,
576 2357 761 2398 eamque
808 2345 899 2397 ipse
946 2350 1157 2397 perpetua
1203 2345 1444 2384 constantia
1477 2345 1739 2395 roborasset,

255 2434 515 2475 semperque
557 2422 598 2461 in
630 2421 851 2474 proposito
887 2427 1179 2475 susceptoque
1210 2421 1390 2462 consilio
1413 2422 1740 2475 permansisset,

256 2498 530 2539 moriendum
563 2498 720 2550 potius
754 2512 886 2552 quam
919 2498 1104 2550 tyranni
1132 2498 1280 2538 vultus
1311 2499 1584 2552 aspiciendus
1617 2499 1739 2542 suit.’'

309 2657 341 2699 1)
367 2655 561 2699 Quantum
586 2661 753 2690 mutatus
778 2656 828 2690 ab
853 2656 929 2700 illo,
955 2656 1020 2701 qui
1046 2667 1159 2702 supra
1184 2656 1258 2690 alia
1283 2667 1435 2702 prorsus
1456 2656 1671 2702 requirebat
1691 2657 1741 2691 ab

258 2714 474 2748 adversario
500 2715 585 2748 suo!

307 2793 342 2834 2)
367 2792 476 2826 Tusc.
505 2792 550 2834 V,
576 2801 609 2834 4.
637 2811 680 2815 -
707 2792 777 2828 Off.
806 2793 834 2833 Ι,
863 2802 938 2828 112.
965 2812 1009 2816 —
1037 2793 1093 2829 De
1118 2792 1267 2827 Provid.
1293 2793 1340 2836 II,
1370 2802 1398 2834 1,
1425 2802 1456 2836 3.

307 2873 343 2916 3)
370 2873 425 2907 De
452 2883 557 2918 prov.
585 2874 613 2915 Ι,
641 2883 673 2918 2,
698 2884 731 2918 9.
758 2893 800 2898 —
829 2875 898 2919 Ep.
924 2883 980 2916 24,
1005 2874 1038 2908 6.
