1955 3157
983 280 1061 331 148

280 411 478 452 Adverte
524 424 610 452 non
653 409 816 450 dixisse
858 408 1118 449 Horatium:
1154 408 1457 457 „minuerunt”
1492 408 1570 448 sed
1605 408 1772 463 „inqui-

280 494 493 529 naverunt
508 487 546 528 !’'

707 545 854 578 »Motus
879 543 1004 578 doceri
1029 543 1168 588 gaudet
1195 543 1341 577 Ionicos

705 609 852 638 matura
879 603 985 648 virgo
1011 609 1047 637 et
1072 603 1225 647 fingitur
1249 602 1394 637 artibus

708 664 787 696 Iam
813 673 912 696 nunc
938 668 974 696 et
1000 663 1160 696 incestos
1185 672 1333 696 amores

706 722 753 756 de
778 727 906 755 tenero
932 721 1135 755 meditatur
1160 721 1310 765 ungui.”

281 826 402 866 Haec
435 825 565 878 igitur
596 825 651 865 de
682 824 847 878 puellis,
882 824 987 864 dum
1020 824 1229 877 innuptae
1262 829 1373 863 sunt.
1405 823 1472 863 Ne
1490 836 1575 863 uno
1594 823 1772 876 quidem

280 903 414 943 verbo
448 902 610 943 indicat
642 901 774 941 talem
809 901 998 955 puellam
1031 914 1117 941 non
1150 901 1278 941 simul
1310 913 1520 955 quaerere
1547 913 1769 954 sponsum.

280 980 444 1020 Immo:
479 980 565 1019 iam
598 979 658 1019 sic
690 979 912 1032 procedit:

661 1090 768 1123 »Mox
796 1089 958 1123 iuniores
983 1089 1129 1134 quaerit
1154 1088 1346 1122 adulteros

659 1150 760 1183 Inter
785 1149 921 1183 mariti
945 1148 1043 1190 vina,
1070 1154 1107 1182 et
1132 1159 1168 1193 q.
1196 1148 1247 1182 s.”

340 1252 492 1306 Itaque
548 1252 657 1292 haec
715 1253 819 1293 satis
868 1251 1152 1305 probabiliter
1200 1252 1403 1293 videntur
1450 1251 1556 1292 mihi
1603 1250 1771 1292 efficere

280 1329 514 1371 Horatium
548 1342 824 1382 nequaquam
858 1335 1079 1382 spectasse
1111 1328 1293 1370 alteram
1326 1329 1439 1370 hanc
1471 1329 1580 1370 illius
1613 1328 1772 1370 saeculi

280 1406 477 1460 culpam:
511 1406 790 1447 matrimonia
823 1407 961 1447 rarius
989 1406 1074 1446 iam
1102 1406 1313 1448 contrahi.
1343 1405 1495 1447 Solum
1514 1405 1774 1447 memoravit

281 1485 449 1533 „omnis
492 1484 662 1537 generis
704 1483 947 1532 libidines’',
984 1483 1141 1537 quibus
1174 1490 1357 1538 uterque
1389 1497 1522 1524 sexus
1554 1483 1773 1524 obnoxius

279 1568 368 1602 est:
403 1561 752 1615 frequentissima
785 1561 900 1601 enim
933 1560 1063 1601 fuisse
1095 1560 1176 1601 illis
1208 1561 1479 1614 temporibus
1511 1560 1699 1602 divortia
1722 1574 1772 1601 ac

280 1639 557 1679 matrimonia
588 1639 706 1678 omni
740 1638 872 1678 modo
904 1638 1079 1688 violata,
1109 1639 1204 1692 quis
1232 1644 1298 1679 est
1325 1639 1397 1692 qui
1426 1638 1624 1692 ignoret?
1643 1636 1772 1679 Unde

279 1722 397 1756 recte
429 1716 573 1769 colligi
606 1729 734 1768 posse
767 1716 872 1756 mihi
900 1715 1072 1756 videtur
1100 1715 1274 1756 Horatii
1298 1716 1617 1769 increpationes
1634 1714 1772 1756 multo

278 1793 406 1833 latius
439 1793 631 1846 patuisse
657 1806 791 1847 quam
819 1793 960 1846 patuit
986 1792 1060 1833 lex
1082 1792 1153 1833 illa
1181 1793 1236 1833 de
1253 1793 1509 1834 maritandis
1529 1792 1771 1846 ordinibus,

279 1883 421 1924 neque
453 1870 687 1911 liberorum
716 1884 961 1924 numerum,
989 1871 1134 1923 potius
1162 1883 1266 1911 vero
1293 1871 1529 1911 iuventutis
1547 1869 1771 1910 imbecilli-

279 1953 409 1986 tatem
442 1953 618 2000 poetam
651 1961 745 1987 esse
777 1953 1088 2001 conquestum:

659 2058 765 2091 »Non
791 2058 849 2091 his
874 2058 1049 2092 iuventus
1074 2064 1155 2092 orta
1180 2058 1399 2103 parentibus

657 2116 783 2151 infecit
808 2127 950 2162 aequor
976 2117 1156 2161 sanguine
1183 2118 1344 2151 Punico’'

279 2232 420 2273 neque
475 2225 567 2260 tam
625 2232 788 2272 paucos
835 2233 1019 2260 uxorem
1068 2219 1262 2272 duxisse,
1309 2219 1386 2260 sed
1434 2219 1770 2260 matrimonium

279 2296 490 2336 violatum
523 2297 583 2337 ita
614 2297 902 2337 condemnat:

660 2407 764 2440 »Hoc
791 2406 893 2440 fonte
918 2406 1089 2440 derivata
1115 2407 1242 2441 clades

658 2466 695 2500 in
721 2466 882 2511 patriam
908 2466 1167 2512 populumque
1192 2466 1332 2501 fluxit.”

339 2566 490 2621 Atque
521 2580 576 2606 ne
607 2567 693 2608 ulla
725 2568 940 2609 dubitatio
973 2568 1098 2608 nobis
1130 2567 1398 2622 relinquatur
1430 2566 1672 2608 laudandus
1705 2571 1772 2607 est

280 2643 398 2684 locus
440 2645 593 2684 Dionis
612 2644 643 2697 1)
687 2658 743 2684 ex
785 2658 873 2699 quo
906 2644 1000 2685 luce
1033 2644 1201 2695 clarius,
1235 2645 1378 2694 credo,
1413 2651 1596 2698 apparet
1628 2644 1770 2697 ipsum

280 2720 531 2773 Augustum
579 2722 715 2775 probe
762 2722 993 2762 discrimen
1040 2721 1192 2762 fecisse
1234 2722 1345 2762 inter
1386 2721 1527 2774 legem
1570 2733 1694 2761 suam
1726 2725 1771 2760 et

331 2886 363 2928 1)
389 2884 444 2918 Cf.
472 2885 567 2929 LIV,
597 2885 649 2919 16.
