1955 3157
316 606 455 649 Cursu
503 607 755 649 academico
802 613 996 662 peracto,
1044 609 1146 649 viris
1195 608 1442 649 clarissimis
1487 607 1750 650 doctissimis

257 691 421 744 optime
455 689 510 730 de
542 703 612 731 me
645 691 809 731 meritis
841 689 1026 732 libenter
1059 691 1222 744 gratias
1256 689 1462 744 rependo.

316 773 416 813 Tibi
449 773 673 827 imprimis,
708 774 773 813 vir
800 773 1036 814 clarissime
1065 774 1209 820 BECK,
1239 779 1466 826 promotor
1490 773 1750 815 aestimatis-

257 856 376 905 sime,
420 856 494 910 qui
537 856 651 897 hunc
694 870 838 897 meum
880 856 1085 910 libellum,
1127 857 1326 910 quamvis
1369 856 1453 897 tuis
1494 870 1581 897 non
1623 863 1750 898 natus

257 945 371 980 esset
403 939 617 993 auspiciis,
647 940 756 979 mira
783 946 931 981 tamen
957 940 1188 981 sedulitate
1217 940 1518 981 benevolentia
1542 941 1751 994 patientia

258 1028 527 1076 pertractare
559 1035 731 1063 mecum
765 1022 1061 1077 perficereque
1093 1023 1279 1064 voluisti.

317 1105 431 1154 Tibi,
476 1107 540 1145 vir
581 1105 818 1145 clarissime
852 1106 1053 1155 KUIPER‚
1087 1112 1275 1160 tuaeque
1307 1106 1495 1146 eximiae
1525 1106 1750 1148 doctrinae

256 1193 445 1242 tuaeque
495 1188 768 1241 gratissimae
816 1188 1075 1230 humanitati
1123 1203 1235 1243 quae
1281 1195 1533 1244 quantaque
1565 1189 1750 1231 debeam

257 1285 327 1312 me
360 1271 488 1312 crede
521 1284 693 1325 semper
724 1285 964 1312 memorem
997 1271 1203 1313 futurum.

318 1354 473 1409 Neque
501 1354 744 1404 obliviscar,
774 1356 838 1394 vir
865 1354 1102 1396 clarissime
1119 1354 1211 1409 Six,
1230 1356 1437 1396 horarum
1456 1355 1624 1396 illarum
1642 1370 1751 1410 quas

257 1451 356 1478 cum
390 1438 432 1477 in
464 1437 709 1478 Academia
742 1443 835 1478 tum
863 1439 1119 1491 praesertim
1150 1439 1268 1479 domi
1296 1445 1397 1479 tuae
1425 1439 1467 1478 in
1485 1439 1752 1480 instituendo

258 1534 328 1560 me
361 1520 624 1574 impendisti.

317 1603 431 1656 Tibi⁷
464 1603 529 1643 vir
560 1603 797 1644 clarissime
831 1604 1068 1645 VALETON
1101 1604 1266 1645 utinam
1298 1605 1398 1645 vivo
1430 1605 1593 1658 gratias
1620 1618 1752 1657 agere

258 1685 363 1726 mihi
409 1686 621 1728 licuisset!
670 1687 895 1728 Mortuum
937 1693 981 1728 te
1023 1701 1281 1740 maeremus⁷
1313 1688 1454 1729 virum
1487 1701 1675 1742 aequum
1708 1694 1752 1728 et

258 1769 531 1822 prudentem.

317 1852 457 1893 Vobis
499 1860 658 1903 autem,
701 1854 781 1894 viri
825 1853 1050 1894 clarissimi
1093 1854 1166 1894 DE
1208 1854 1342 1895 BOER
1376 1861 1418 1896 et
1447 1855 1749 1904 BOISSEVAIN,

257 1949 444 1990 quorum
491 1936 748 1978 lectionibus
795 1944 842 1978 ut
885 1938 1139 1978 interessem
1182 1951 1269 1978 non
1300 1938 1486 1991 contigit
1518 1937 1637 1988 mihi,
1672 1950 1751 1991 pro

257 2018 482 2060 voluntate
514 2011 619 2060 mihi
652 2021 862 2073 praestita
893 2021 1056 2073 gratias
1088 2021 1295 2074 rependo,

318 2101 487 2154 Restat,
521 2108 568 2144 ut
599 2103 679 2144 tibi
711 2117 886 2158 quoque
919 2105 1082 2157 gratias
1110 2118 1238 2158 agam
1266 2105 1495 2158 maximas,
1524 2104 1589 2145 vir
1605 2103 1752 2144 claris-

258 2185 365 2225 sime
398 2185 641 2236 KARSTEN,
675 2187 749 2240 qui
783 2187 991 2240 magister
1024 2187 1126 2227 olim
1154 2201 1289 2241 meus,
1318 2187 1444 2228 huius
1471 2187 1601 2228 libelli
1628 2187 1751 2241 quasi

258 2274 411 2308 auctor
454 2268 583 2310 fuisti.
627 2269 696 2310 Tu
738 2270 940 2323 primitiis
982 2270 1050 2311 his
1086 2270 1304 2311 litterariis
1337 2270 1524 2323 benigne
1557 2270 1752 2310 arridens

259 2351 426 2391 animos
473 2352 677 2393 addidisti
726 2358 772 2394 ut
819 2353 1005 2393 fidenter
1051 2353 1138 2393 iam
1181 2366 1374 2407 pergam.
1418 2352 1562 2406 Quam
1595 2353 1752 2406 insigni

259 2433 576 2485 benevolentia,
620 2435 689 2475 die
732 2435 804 2476 illo
846 2435 952 2476 mihi
997 2436 1267 2477 memorabili
1301 2437 1342 2476 in
1376 2435 1521 2477 medio
1554 2436 1752 2477 doctissi-

259 2530 432 2558 morum
464 2518 656 2559 virorum
689 2524 817 2559 coetu
851 2532 920 2558 me
953 2519 1145 2572 recipere
1178 2525 1221 2560 et
1251 2519 1413 2573 alloqui
1445 2519 1649 2573 dignatus
1679 2520 1750 2568 sis,

259 2600 396 2641 dulcis
429 2601 533 2641 mihi
567 2615 738 2655 semper
770 2600 1014 2642 recordatio
1047 2602 1141 2643 erit.
