1955 3157
935 223 1016 266 179

937 376 1014 418 IX.

290 486 494 543 Euripid.
528 488 666 529 Herc.
701 487 804 529 Fur.
843 498 968 541 1340.

463 577 581 624 οἴμοι
613 576 805 626 πάρεργα
824 605 856 612 ..
879 605 914 612 ..
948 573 1038 612 τάδ’
1070 574 1154 612 ἔστ’
1184 575 1300 624 ἐμῶν
1331 579 1484 614 κακῶν.

289 651 397 693 Non
444 666 549 694 cum
582 652 806 694 Barnesio
839 651 1032 707 aliisque
1075 657 1155 708 γάρ
1197 653 1278 694 sed
1312 667 1416 695 cum
1449 654 1532 696 Ed.
1566 653 1718 696 Princ.

228 738 309 787 μέν
342 740 411 775 est
443 734 768 790 supplendum.

953 863 1009 905 X.

287 993 459 1035 Ibidem
505 1008 594 1035 vss,
643 1004 933 1047 1343—1344
976 993 1094 1035 inter
1136 1008 1186 1035 se
1228 994 1563 1049 transponendi
1597 1002 1716 1037 sunt.

933 1153 1009 1194 XI.

285 1224 459 1266 Ibidem
497 1235 512 1265 1
523 1233 622 1276 345.

403 1310 535 1349 δεῖται
567 1313 647 1363 γὰρ
679 1312 702 1349 ὁ
733 1311 856 1360 θεόσ,
891 1313 1009 1363 εἴπερ
1041 1311 1123 1348 ἔστ’
1154 1312 1290 1349 ὄντωσ
1321 1312 1430 1350 θεόσ
1463 1334 1517 1338 —-

284 1388 516 1431 Immerito
565 1403 591 1430 a
640 1388 994 1430 Wilamowitzio
1042 1403 1083 1430 v.
1134 1389 1188 1430 cl.
1238 1403 1342 1430 curn
1391 1389 1536 1431 Clem.
1583 1389 1714 1431 Alex.

225 1472 412 1527 (Strom.
445 1475 486 1527 5)
520 1472 688 1529 legitur
718 1476 881 1529 ὀρθώσ.

921 1632 1017 1675 XII.

283 1709 456 1752 Ibidem
495 1721 510 1752 1
521 1710 622 1764 346.

519 1796 709 1836 οὐδενόσ·
745 1796 906 1835 ἀοιδῶν
937 1796 1027 1835 οἵδε
1059 1796 1255 1848 δύστηνοι
1286 1796 1410 1847 λόγοι

221 1874 403 1931 legatur
436 1889 539 1917 cum
575 1876 709 1917 codd.
744 1876 877 1918 Laur.
925 1879 1116 1918 0'558‘110'0'·
1151 1878 1311 1918 ἀοιδῶν
1344 1879 1381 1917 δ’
1414 1882 1500 1917 cet.

904 2037 1021 2078 XIII.

282 2129 426 2186 Soph.
459 2130 625 2172 Trach.
664 2142 680 2172 1
690 2141 759 2183 23.

394 2219 454 2255 ὧν
485 2217 817 2268 ἐπιμεμφομένα
849 2216 888 2254 σ’
920 2215 1045 2254 ἁδεῖα
1075 2218 1169 2266 μέν,
1203 2218 1327 2254 ἀντία
1360 2216 1397 2255 δ’
1430 2219 1547 2256 οἴσω.

280 2295 404 2338 Sana
432 2302 501 2338 est
527 2297 642 2338 haec
668 2295 801 2337 codd.
821 2291 1098 2337 lectiossNon
1117 2308 1222 2336 cum
1238 2294 1521 2351 Musgravio,
1541 2295 1712 2348 Iebbio,

220 2379 411 2435 aliisque
445 2383 591 2422 αἰδοῖα
623 2379 874 2436 legendum
907 2392 991 2434 pro
1026 2381 1162 2421 ἁδεῖα.

871 2527 992 2570 XIV.

278 2641 514 2696 Aristoph.
548 2640 699 2696 Equit.
734 2651 833 2692 230.

274 2749 332 2754 —
387 2729 689 2780 ἑξῃκασμένοσ.
749 2723 857 2765 Non
906 2723 1205 2774 Leeuwenus,
1255 2722 1504 2764 scholiasta
1553 2729 1710 2765 autem

218 2820 377 2848 verum
411 2806 536 2848 vidit.
