1955 3157
929 206 1008 258 169

273 335 360 377 Sed
407 336 494 376 iarn
537 335 833 389 intellegerem
874 336 909 376 si
952 350 1003 376 ea
1046 335 1100 376 de
1142 350 1272 377 causa
1306 344 1484 391 negaret
1518 338 1705 391 primam

213 413 439 466 stropham
488 413 544 453 ad
591 419 765 454 sextum
807 427 982 454 carmen
1025 414 1257 467 pertinere,
1301 421 1345 455 et
1385 415 1577 469 quinque
1610 415 1705 456 odis

211 489 378 532 absolvi
420 496 562 531 totum
604 490 792 544 cyclum,
836 491 961 531 sicuti
994 491 1141 531 docuit
1175 490 1414 532 Corrsenus
1432 492 1473 544 1).
1521 492 1706 533 Verum-

211 573 359 609 tamen
407 581 492 608 non
541 568 624 609 ita:
675 567 788 617 „Odi
831 567 1063 621 profanum
1107 568 1162 609 ist
1203 567 1282 609 das
1323 569 1469 609 Motto
1511 583 1561 609 zu
1604 569 1704 610 dem

211 658 377 698 ganzen
414 643 577 686 dritten
611 645 801 685 Buche⁷'.
837 643 1026 685 Carmen
1059 645 1190 698 igitur
1222 658 1310 685 non
1343 644 1482 686 solum
1515 652 1703 695 sextum,

211 721 287 761 sed
335 735 382 762 se
423 728 600 763 cantare
644 721 728 762 alia
759 728 986 775 praeterea
1019 721 1157 763 multa
1193 722 1432 775 virginibus
1466 722 1705 763 affirmasse

210 798 340 840 docet
371 804 561 852 poetam.
596 799 721 840 Artis
754 799 921 852 logicae
955 800 1197 853 praeceptis
1231 800 1318 840 vim
1346 800 1406 839 sic
1434 800 1580 840 inferri
1608 801 1704 854 quis

209 882 275 916 est
318 877 391 928 qui
425 890 511 916 non
543 876 718 917 videat?
750 876 962 917 Universe
995 882 1141 917 autem
1174 876 1406 917 dicendum
1439 883 1504 917 est
1537 883 1704 930 postre-

209 968 326 994 mam
374 959 546 1007 partem
579 954 961 994 commentationis
993 954 1208 1002 laudatae,
1244 967 1329 994 non
1362 954 1446 994 hoc
1479 968 1565 995 uno
1596 955 1703 996 vitio

208 1030 422 1072 laborare.
444 1031 600 1071 Varias
628 1031 743 1071 enim
771 1031 1009 1072 sententias
1036 1030 1090 1071 de
1117 1031 1357 1072 carminum
1386 1032 1702 1085 compositione

208 1107 450 1148 inconsulte
477 1107 566 1148 fere
594 1121 644 1147 ac
672 1114 836 1148 temere
860 1108 1134 1149 commiscuit
1151 1108 1215 1148 vir
1232 1108 1410 1158 doctus;
1431 1108 1490 1149 ita
1508 1115 1555 1150 ut
1573 1108 1701 1149 aliam

207 1184 290 1234 hic,
337 1185 422 1225 illic
463 1185 591 1225 aliam
636 1185 746 1226 tueri
784 1185 995 1226 videatur.
1029 1184 1160 1238 Quod
1194 1192 1293 1238 post
1326 1199 1388 1235 ea,
1424 1199 1536 1238 quae
1570 1186 1702 1226 modo

207 1261 412 1315 diximus,
456 1262 696 1303 luculenter
739 1268 923 1315 apparet
965 1275 1022 1303 ex
1065 1262 1182 1302 hisce
1214 1263 1372 1314 verbis,
1406 1263 1562 1316 quibus
1599 1277 1701 1303 con-

207 1338 342 1379 cludit
360 1339 405 1391 2):
433 1339 522 1387 „Es
550 1339 645 1379 sind
674 1338 765 1379 also
783 1338 1037 1391 gnomische
1056 1339 1213 1379 Lieder
1231 1340 1272 1379 in
1290 1339 1534 1380 alka'sscher
1552 1341 1698 1391 Form,

207 1415 275 1456 die
309 1429 388 1456 uns
420 1416 498 1456 der
531 1416 714 1456 Dichter
747 1416 804 1456 im
840 1416 1032 1468 Beginne
1065 1415 1140 1456 des
1171 1427 1192 1467 3
1224 1416 1394 1457 Buches
1413 1417 1699 1471 ankundigt.''

266 1493 358 1533 Iam
407 1493 537 1546 igitur
579 1499 645 1534 est
687 1493 916 1534 immemor
958 1493 1182 1534 doctrinae
1225 1507 1350 1535 suae:
1394 1494 1449 1535 ad
1483 1496 1699 1548 integrum

205 1569 362 1612 librum
405 1570 581 1611 tertium
625 1571 843 1624 pertinere
885 1570 988 1611 illud
1020 1571 1305 1624 prooemium.
1342 1572 1484 1620 „Dem
1517 1572 1700 1613 Dichter

206 1661 296 1689 war
327 1661 373 1688 es
405 1647 559 1688 darum
592 1662 643 1688 zu
677 1654 753 1688 tun
781 1648 944 1688 seinem
968 1647 1124 1697 Volke,
1154 1648 1232 1688 der
1258 1662 1396 1688 neuen
1417 1648 1697 1697 Generatim,

205 1726 247 1766 in
294 1725 543 1766 alka'l‘schen
586 1725 763 1765 Weisen
805 1725 890 1765 den
933 1725 1057 1766 Wert
1099 1726 1177 1766 der
1219 1724 1580 1779 Genugsamkeit‚
1623 1727 1700 1767 der

205 1803 474 1857 Tapferkest,
524 1802 601 1843 des
644 1803 943 1856 BurgersinnS,
988 1802 1065 1843 der
1107 1803 1439 1856 Frommigkeit,
1483 1803 1561 1843 der
1593 1803 1698 1844 Sitt-

205 1879 384 1921 lichkeit
415 1886 496 1920 etc.
531 1879 871 1921 einzuscharfen.
907 1880 1035 1920 Dann
1068 1879 1146 1920 hat
1178 1893 1225 1920 er
1253 1887 1398 1933 spater
1426 1881 1542 1920 diese
1570 1880 1697 1922 Oden

205 1957 542 2007 uberarbeitet'';
587 1963 629 1997 et
672 1971 725 1997 ne
764 1956 836 1997 ulli
870 1957 1110 1998 sententiae
1145 1956 1519 2011 qualitercumque
1552 1958 1698 1998 favere

203 2033 416 2083 videatur,
465 2034 611 2076 addit:
661 2034 778 2083 „und
824 2035 885 2074 sie
932 2048 1029 2075 zum
1077 2034 1172 2074 Teil
1219 2034 1332 2075 auch
1374 2049 1424 2075 zu
1467 2034 1697 2088 Augustus

204 2112 316 2152 oden
350 2111 599 2164 gemacht'’.
632 2112 804 2152 Talium
833 2112 1074 2152 carminum
1102 2111 1235 2152 talem
1264 2112 1419 2152 seriem
1447 2113 1483 2152 si
1512 2111 1696 2165 Cyclum

203 2202 361 2229 vocare
404 2202 490 2229 non
532 2189 609 2239 vis,
653 2202 730 2242 per
763 2202 832 2229 me
864 2188 977 2229 licet.
1012 2189 1134 2229 Haec
1166 2189 1368 2230 nimirum
1401 2190 1598 2242 quaestio
1631 2196 1697 2231 est

203 2267 254 2307 de
300 2266 472 2307 nomine
520 2291 572 2295 —
622 2266 788 2306 minimi
837 2266 969 2319 igitur
1012 2267 1236 2308 momenti.
1280 2265 1505 2307 Concessit
1548 2273 1696 2308 tamen

203 2344 268 2384 vir
300 2344 455 2385 doctus
489 2343 572 2395 illa,
606 2357 717 2397 quae
749 2357 882 2397 supra
909 2344 1097 2396 negavit.
1128 2344 1281 2398 Neque
1310 2344 1435 2384 nimis
1463 2352 1696 2398 propterea

203 2421 329 2462 nobis
376 2426 440 2461 est
484 2421 743 2462 mirandum.
789 2421 907 2461 Luce
949 2421 1062 2460 enim
1101 2420 1257 2461 clarius
1304 2428 1488 2475 apparet
1520 2436 1694 2462 omnem

202 2498 359 2539 horum
407 2499 646 2539 carminum
690 2498 1093 2551 interpretationem
1131 2497 1417 2551 argutz'orem,
1451 2500 1694 2540 accuratius

202 2576 236 2615 si
270 2575 525 2629 inspexeris,
559 2589 666 2615 mox
698 2588 912 2616 corruere.

254 2741 287 2783 1)
312 2739 368 2776 Cf.
395 2739 445 2774 1.1.
471 2750 556 2785 pag.
584 2747 662 2784 590.

251 2824 288 2860 2)
318 2817 373 2850 Cf.
403 2817 451 2851 1.1.
478 2827 561 2862 pag.
591 2824 632 2860 25
661 2828 714 2861 sq.
