1955 3157
982 239 1038 293 98

261 369 480 422 Vergilius
527 382 626 418 non,
671 369 816 421 credo,
859 369 1088 409 immemor
1119 381 1283 417 eorum,
1317 382 1430 422 quae
1461 370 1748 410 amicissimus

262 447 444 487 Flaccus
475 459 554 486 sex
585 446 654 487 vel
685 452 853 499 septem
886 447 1008 486 annis
1036 452 1137 486 ante
1164 445 1422 486 cecinerat.''
1452 446 1607 500 Neque
1633 452 1750 487 recte

261 524 439 576 negabit
465 523 618 577 aliquis
637 523 763 564 illud:
785 529 1004 571 „ceterum
1024 522 1235 563 Horatius
1253 521 1368 562 hunc
1385 521 1529 563 locum
1546 522 1750 563 tractavit

262 601 398 642 multa
444 607 537 642 arte
585 607 628 641 et
669 599 897 653 elegantia,
942 598 1056 639 unde
1098 599 1228 639 etiam
1273 599 1300 638 ii
1333 598 1441 639 haec
1473 612 1750 653 summopere

261 678 545 730 admirantur,
586 678 660 732 qui
703 691 760 718 ex
802 690 922 717 mera
952 681 1168 732 φαντασίᾳ
1210 675 1470 729 profluxisse
1502 676 1750 729 putent’'1).

261 755 325 796 At
356 755 540 796 multum
572 755 725 796 dubito
752 768 854 794 num
883 754 933 794 iis
950 753 1144 794 versibus
1161 753 1399 794 scribendis
1416 753 1500 793 hoc
1518 753 1751 794 intenderit

261 834 492 887 Vergilius,
537 832 655 887 quod
690 831 845 872 eodem
878 830 974 871 loco
1008 830 1195 871 affirmat
1226 831 1343 871 idem
1374 831 1440 870 vir
1472 830 1639 880 doctus,
1675 836 1751 880 „ut

261 924 339 952 sua
394 910 652 952 auctoritate
709 909 882 949 Horatii
939 921 1089 948 versus
1141 907 1464 962 confirmaret'',
1513 913 1645 962 atque
1691 907 1750 949 ob

261 1001 412 1028 causas
444 988 586 1028 varias
618 999 750 1040 supra
783 985 947 1026 allatas.

319 1064 395 1114 At,
436 1065 553 1106 dicat
583 1064 812 1119 quispiam,
847 1062 1076 1102 Hiemerus
1109 1061 1191 1110 ille,
1225 1062 1299 1116 qui
1332 1062 1584 1103 historicam
1618 1062 1751 1103 inter-

260 1142 550 1195 pretationem
607 1154 872 1195 quamquam
930 1146 1089 1193 tuetur,
1147 1145 1316 1180 tantam
1374 1145 1523 1180 tamen
1569 1138 1750 1192 protulit

261 1218 575 1270 difficultatem,
609 1218 715 1271 quid
747 1218 838 1270 ipse
886 1218 941 1257 ad
974 1230 1071 1257 eam
1104 1216 1355 1270 respondit?

319 1296 493 1336 Novum
536 1295 652 1349 quid,
688 1319 743 1323 —
776 1294 944 1334 miraris
977 1293 1173 1346 fortasse,
1206 1293 1369 1334 lector?
1404 1317 1455 1322 —
1490 1292 1654 1334 invenit
1685 1293 1750 1333 vir

261 1373 549 1426 doctissimus,
607 1372 800 1412 nondum
856 1384 973 1421 vero,
1032 1371 1138 1412 satis
1194 1370 1238 1410 id
1294 1370 1510 1424 probavit,
1564 1375 1611 1411 ut
1657 1370 1749 1423 ipse

261 1451 445 1503 ingenue
476 1449 651 1490 fatetur.

320 1526 588 1568 Difficultate
630 1539 762 1579 supra
795 1526 925 1566 allata
958 1526 1135 1565 minime
1167 1525 1401 1566 exterritus
1433 1524 1494 1564 sic
1526 1523 1747 1577 procedit:

263 1604 434 1653 „VVenn
477 1604 553 1644 der
584 1603 767 1644 Dichter
799 1603 920 1644 nicht
952 1603 1151 1656 genotigt
1184 1616 1271 1642 war
1303 1602 1421 1642 diese
1454 1600 1750 1653 Einkleidung

261 1696 310 1722 zu
359 1681 540 1731 wahlen,
584 1695 632 1721 so
674 1680 790 1734 fragt
831 1694 932 1720 man
974 1680 1066 1720 sich
1100 1679 1353 1729 (rectissime
1385 1678 1551 1732 utique)
1585 1690 1748 1718 warum

261 1772 307 1799 er
354 1758 486 1807 nicht,
530 1771 616 1798 was
659 1772 705 1798 er
746 1771 880 1811 sagen
922 1757 1061 1807 sollte,
1105 1757 1186 1797 wie
1216 1770 1260 1796 es
1289 1756 1403 1796 sez'ne
1429 1756 1522 1795 Art
1551 1755 1620 1808 ist,
1654 1754 1749 1795 klar

261 1836 349 1876 und
396 1834 587 1876 deutlich
634 1834 897 1888 aussprach?
945 1834 1031 1874 Wo
1079 1847 1180 1874 man
1222 1832 1444 1874 wirkliche
1487 1831 1748 1873 Unklarheit

262 1912 408 1961 findet,
438 1912 539 1952 darf
561 1925 661 1952 man
690 1912 817 1964 ruhig
845 1911 1090 1952 annehmen
1116 1910 1218 1951 dasz
1240 1923 1319 1951 uns
1337 1910 1748 1962 Voraussetzungen

261 1989 416 2029 fehlen.
451 1988 683 2029 Vielleicht
714 1988 855 2029 lassen
887 1988 978 2028 sich
1010 1988 1129 2028 diese
1161 1986 1549 2028 reconstruieren.''

320 2065 491 2119 Quibus
523 2067 648 2106 dictis
681 2065 933 2119 aggreditur
965 2078 1074 2118 opus
1106 2064 1460 2117 ingratissimum,
1492 2062 1611 2117 quod
1643 2061 1747 2102 mihi

261 2144 444 2185 videtur.
479 2143 608 2183 Putat
640 2143 753 2183 enim
772 2140 803 2195 2>
832 2142 1006 2182 oracula
1032 2141 1249 2196 quaedam
1277 2140 1406 2181 fuisse
1434 2141 1603 2180 Romae
1629 2144 1745 2189 nota,

261 2234 373 2274 quae
420 2220 631 2272 originem
679 2220 886 2260 ducerent
932 2232 990 2258 ex
1037 2218 1170 2259 Sacra
1218 2218 1463 2271 Scriptura;
1506 2222 1550 2257 et
1590 2215 1748 2271 quibus

262 2297 370 2336 Ilion
403 2310 606 2350 reparare
639 2297 889 2337 iuberentur
922 2296 1110 2336 Romani
1142 2319 1199 2325 —
1232 2294 1432 2347 (Daniel?
1459 2293 1663 2346 Iesaias?)
1690 2316 1748 2322 —-

262 2373 348 2413 Piis
388 2374 518 2427 igitur
555 2373 804 2414 hominibus
836 2373 909 2427 qui
941 2371 1016 2413 tali
1048 2371 1224 2412 oraculo
1257 2371 1497 2425 parendum
1530 2383 1624 2410 esse
1655 2382 1747 2409 cre-

262 2450 426 2499 derent,
485 2451 690 2503 opposuit
737 2455 869 2502 poeta
916 2449 1092 2489 Iunonis
1139 2449 1248 2488 iram
1296 2448 1488 2488 nondum
1534 2446 1744 2487 sedatam.

263 2525 490 2579 Ingeniose
530 2540 634 2567 sane
671 2531 974 2580 proponuntur
1007 2525 1131 2565 nobis
1163 2525 1272 2565 haec
1303 2525 1461 2574 omnia,
1495 2536 1637 2578 neque
1669 2535 1747 2563 sua

315 2750 346 2790 1)
373 2747 428 2782 Cf.
454 2748 502 2782 Ll.
530 2759 613 2793 pag.
645 2757 720 2792 157.

311 2842 345 2884 2)
371 2841 427 2876 Cf.
454 2842 503 2876 1.1.
529 2853 614 2887 pag.
641 2843 792 2887 28—39.
