1955 3157
895 216 974 261 159

191 345 508 380 commemorat
539 344 613 392 τὴν
639 341 744 380 νέαν
769 339 1010 391 κωμῳδίαν.
1041 360 1099 367 -
1125 337 1206 377 His
1232 338 1434 378 omnibus
1452 339 1682 380 assuefacti

190 421 315 457 erant
350 416 552 456 Romani.
587 416 688 456 Non
721 415 852 468 igitur
884 414 1134 455 offendebat
1166 427 1317 455 eorum
1349 428 1477 455 aures
1508 415 1684 456 liberior

189 492 368 546 paulum
420 492 670 546 descriptio,
718 492 1010 546 carminisque
1056 490 1182 531 huius
1229 492 1491 545 gravitatem
1538 493 1684 545 potius

190 575 335 622 auget,
383 583 453 610 me
499 569 651 618 iudice,
701 582 834 623 quam
880 568 1058 608 minuit:
1109 568 1247 621 „Iung
1289 568 1403 609 Rom
1446 568 1573 609 sollte
1604 583 1683 609 vor

189 645 352 686 seinem
384 645 653 700 Spiegelbild
684 643 1015 686 erschrecken''.

250 722 349 763 Non
383 723 513 776 igitur
547 722 658 762 facio
691 736 790 762 cum
822 721 1024 762 Iurenka.
1057 721 1157 774 Ipse
1189 722 1304 761 enim
1337 735 1512 762 omnem
1541 723 1683 776 gravi-

188 804 325 840 tatem
373 805 544 840 tantum
592 813 678 840 non
726 798 840 840 tollit
887 812 944 839 ex
990 798 1058 839 his
1106 798 1314 839 versibus.
1365 799 1526 840 Poetae
1568 800 1682 840 enim

187 875 323 916 verba
353 876 396 916 in
428 876 555 917 huius
587 882 763 917 nostrae
795 875 953 917 aetatis
980 888 1226 916 sermonem
1243 881 1407 916 temere
1424 883 1683 918 convertens

187 951 403 994 vocabula
435 958 628 1007 usurpat,
663 953 808 1005 qualia
839 959 962 993 sunt:
993 952 1089 1001 „ein
1119 952 1350 993 Backfisch
1379 953 1456 993 der
1485 951 1683 994 Cancan-

187 1035 343 1070 tanzen
385 1030 525 1070 lernt’'
570 1031 694 1079 „eine
727 1029 937 1070 raffinirte
970 1029 1208 1070 Kokette''.
1243 1029 1356 1070 Dein
1389 1030 1484 1084 ipso
1517 1030 1681 1071 iudice:

190 1106 274 1155 „ist
306 1106 419 1147 auch
452 1107 523 1147 die
555 1106 736 1147 nachste
769 1105 960 1160 Strophe
993 1106 1070 1146 der
1102 1106 1293 1148 Komik!
1327 1107 1448 1148 nicht
1475 1106 1596 1148 bar''.
1627 1132 1681 1137 —

187 1183 491 1237 Peerlkampii,
519 1184 581 1224 uti
608 1184 742 1233 vides,
772 1184 1025 1224 testimonio
1045 1184 1075 1235 1)
1101 1183 1237 1224 fretus
1254 1184 1534 1225 nihilominus
1552 1185 1682 1225 aliam

186 1273 365 1314 prorsus
398 1261 668 1314 excogitavit
700 1260 958 1301 doctrinam.
1000 1260 1193 1301 Tantum
1225 1267 1374 1302 autem
1406 1261 1531 1302 abest
1564 1268 1611 1303 ut
1642 1262 1679 1302 ei

186 1337 376 1387 credam,
411 1344 458 1379 ut
490 1338 898 1390 interpretationem
931 1338 1021 1378 eius
1055 1338 1089 1377 si
1125 1337 1333 1379 admittas
1365 1338 1602 1379 absurdum
1631 1352 1681 1379 ac

186 1422 513 1455 monstruosum
569 1414 733 1469 aliquid
791 1415 869 1455 tibi
928 1415 1048 1468 gigni
1099 1414 1367 1468 perhibeam.
1418 1415 1556 1469 Finge
1603 1416 1681 1456 tibi

185 1499 365 1545 poetam
397 1492 646 1532 Romanum
680 1491 790 1532 illius
819 1492 988 1541 aetatis,
1018 1492 1092 1546 qui
1120 1498 1355 1546 postquam
1379 1492 1529 1546 procul
1547 1492 1681 1533 dubio

186 1568 424 1610 admodum
457 1569 569 1609 serio
602 1569 784 1610 cecinit:

567 1678 707 1713 »paene
733 1672 957 1712 occupatam
984 1667 1229 1702 seditionibus

565 1726 705 1761 delevit
731 1726 863 1760 urbem
890 1727 1017 1760 Dacus
1043 1732 1080 1760 et
1105 1727 1321 1772 Aethiops.¹'

245 1822 401 1864 Subito
458 1829 552 1864 arte
598 1823 766 1863 comica
812 1822 963 1863 ludere
1010 1823 1173 1876 incipit,
1222 1829 1270 1864 ut
1317 1829 1465 1864 tamen
1511 1825 1678 1878 tragice

186 1900 419 1941 concludat
451 1914 576 1941 suum
609 1913 807 1940 carmen:

424 2012 490 2031 »-
518 1999 685 2044 undique
709 1999 855 2033 collatis
879 1999 1070 2040 membris,
1096 2005 1136 2033 ut
1162 1999 1320 2045 turpiter
1344 2005 1469 2034 atrurn

470 2058 628 2092 Desinat
653 2058 691 2092 in
716 2058 855 2103 piscem
882 2058 1017 2093 mulier
1041 2058 1204 2093 formosa
1231 2069 1409 2104 superne:

471 2117 688 2163 Spectatum
713 2117 868 2152 admissi
893 2118 1008 2152 risum
1034 2118 1203 2162 teneatis,
1229 2119 1339 2153 amici
1351 2118 1388 2153 ?'’

576 2261 656 2314 ξς.
692 2260 970 2302 SENTENTIA
1002 2269 1286 2302 SCRIPTORIS.

244 2368 338 2408 Iam
380 2373 480 2422 post
523 2381 588 2421 ea,
630 2381 744 2422 quae
785 2367 1017 2421 disputavi,
1050 2367 1175 2408 facile
1207 2368 1288 2408 erit
1320 2380 1542 2421 exponere
1573 2366 1678 2421 quid

184 2445 277 2498 ipse
309 2446 494 2487 sentiam
527 2445 582 2485 de
614 2444 701 2485 oda
733 2450 873 2485 sexta.
903 2444 1067 2485 Iterum
1096 2451 1266 2498 spectat
1294 2444 1504 2486 Horatius
1532 2445 1679 2486 iuven-

183 2528 324 2563 tutem
356 2522 629 2572 Romanam;
664 2534 760 2562 eam
793 2521 1041 2576 alloquitur,
1073 2535 1169 2562 eam
1202 2521 1293 2563 vult
1325 2522 1483 2562 docere
1515 2522 1678 2576 quippe

184 2612 297 2653 quae
327 2599 442 2639 vitiis
473 2599 616 2640 adhuc
648 2599 811 2640 intacta
839 2599 1082 2639 necessaria
1109 2604 1256 2639 tamen
1284 2599 1428 2652 pravis
1446 2605 1677 2652 parentum

185 2676 398 2730 exemplis
429 2690 622 2730 suaeque
653 2682 834 2717 naturae
866 2675 1095 2729 indulgens
1127 2676 1183 2717 ad
1215 2676 1405 2729 pessima
1421 2689 1679 2730 processura

235 2817 268 2860 1)
292 2815 348 2850 Cf.
375 2827 489 2862 supra
514 2827 600 2862 pag.
631 2824 708 2861 157.
