1955 3157
961 266 1017 305 42

238 385 399 439 quique
427 385 551 425 huius
578 384 660 425 loci
691 384 944 425 brevissime
972 384 1085 424 hanc
1101 383 1282 425 tradidit
1300 383 1726 437 interpretationem:

241 475 372 510 „vera
423 463 559 504 virtus
606 462 688 503 sibi
737 462 831 514 ipsa
877 467 943 502 est
990 474 1170 511 merces,
1218 467 1262 503 et
1309 460 1433 502 coelo
1478 460 1622 512 beat,''
1670 486 1728 492 ——

238 539 499 580 Mommseni
546 539 663 579 illam
711 537 1071 591 significationem
1119 539 1161 578 in
1208 538 1405 578 versibus
1447 538 1587 579 inesse
1627 544 1728 579 sunt

236 617 456 670 suspicati,
506 615 645 670 Atqui
693 628 780 655 non
828 621 993 655 temere
1041 614 1273 655 dicendum
1317 622 1383 656 est
1416 615 1557 668 egisse
1588 615 1726 656 virum

237 694 368 743 illum,
419 694 461 733 in
505 699 598 733 arte
645 692 794 733 critica
840 697 932 731 tam
979 692 1154 745 egregie
1194 692 1397 746 peritum.
1440 691 1570 746 Quod
1612 692 1726 732 enim

237 771 526 823 Kiesslingius
554 770 596 809 in
623 769 866 823 antiquiore
884 769 1075 810 editione
1091 769 1183 809 sine
1201 769 1287 810 ullo
1305 769 1449 810 valido
1468 775 1726 823 argumento

237 847 498 889 contendat:
531 847 667 887 virtus
699 859 785 887 non
818 853 884 887 est
916 851 1042 902 ἀρετή
1072 847 1149 887 sed
1182 849 1371 904 ἀνδρεία,
1405 847 1448 887 id
1480 861 1578 888 eum
1606 853 1727 889 certo

235 938 492 979 permovere
519 937 606 964 non
634 924 777 977 potuit
794 924 839 976 1).
864 922 975 964 Cum
994 924 1296 965 benevolentia
1312 925 1503 979 quadam
1521 925 1582 966 ita
1598 938 1726 978 argu-

235 1002 419 1042 mentari
452 1000 716 1042 credendum
748 1007 813 1042 est
845 1001 870 1041 i.
889 1015 926 1041 a.
957 1000 1197 1055 Seligerum
1216 1000 1260 1055 2>,
1280 1002 1353 1056 qui
1371 1002 1504 1042 nimio
1522 1015 1601 1042 suo
1618 1015 1727 1056 pug-

235 1080 367 1119 nandi
399 1079 543 1120 studio
576 1091 674 1118 cum
703 1078 957 1119 doctissimo
985 1078 1077 1118 viro
1105 1078 1296 1119 Pluessio
1323 1078 1446 1119 facile
1464 1078 1535 1119 hic
1551 1092 1726 1133 quoque

234 1155 475 1210 indulgens
504 1169 556 1196 eo
585 1156 679 1208 ipso
707 1155 826 1209 quod
855 1155 1033 1196 Pluessii
1060 1156 1321 1197 sententiam
1349 1156 1575 1197 refellit—
1593 1169 1725 1210 quam

235 1247 313 1274 nos
345 1247 433 1273 non
465 1232 736 1273 defendimus
767 1256 825 1262 —
857 1233 1067 1286 probasse
1098 1246 1144 1273 se
1171 1239 1309 1286 putat,
1341 1239 1387 1274 ut
1415 1234 1582 1287 opinor,
1601 1246 1725 1274 suam

234 1311 479 1351 doctrinam
527 1324 620 1351 esse
662 1323 824 1350 veram.
868 1309 1083 1351 Attamen
1130 1317 1176 1351 ut
1217 1309 1311 1350 aliis
1343 1310 1499 1363 verbis,
1531 1311 1593 1352 ita
1624 1323 1726 1351 ean-

234 1387 334 1428 dem
376 1401 509 1442 quam
553 1387 851 1428 Mommsenus
894 1386 1059 1440 profert
1091 1388 1363 1429 sententiam.
1398 1387 1553 1442 Neque
1585 1388 1726 1441 magis

233 1479 330 1505 eam
373 1465 523 1505 fulcire
564 1465 750 1516 videtur,
791 1464 992 1518 quamvis
1024 1464 1105 1517 ipsi
1137 1477 1224 1504 non
1257 1464 1478 1505 sollemnis
1509 1464 1649 1506 oratio
1680 1464 1724 1504 in

233 1542 438 1596 principis
471 1542 726 1596 cuiusquam
759 1541 973 1582 honorem
1005 1541 1132 1582 fuerit
1159 1542 1377 1594 habenda,
1406 1555 1557 1582 verum
1584 1542 1724 1582 otiose

233 1619 546 1660 commentatio
589 1619 830 1661 scribenda.
867 1617 1069 1668 ,‚Gerade
1100 1619 1143 1659 in
1175 1619 1338 1659 diesem
1363 1617 1579 1660 Gedichte
1611 1619 1725 1673 zeigt

232 1696 311 1737 der
344 1696 525 1737 Dichter
555 1697 655 1736 dem
683 1695 1124 1737 heranwachsendem
1153 1695 1444 1737 Geschlechte
1460 1696 1529 1736 die
1548 1695 1723 1737 wahren

233 1773 361 1823 Ziele,
397 1774 537 1814 denen
569 1787 615 1814 es
648 1773 936 1814 nachstreben
970 1771 1076 1813 soll'’
1114 1797 1166 1802 —
1200 1773 1248 1813 Id
1282 1773 1372 1813 sine
1405 1773 1539 1814 dubio
1571 1787 1723 1814 omnes

232 1849 470 1904 aequaliter
511 1850 756 1891 concedunt
797 1874 855 1879 —
893 1850 1009 1899 „und
1043 1850 1164 1891 weist
1196 1850 1274 1891 auf
1302 1850 1371 1890 die
1403 1849 1602 1891 Vorteile
1633 1850 1720 1901 hin,

233 1927 395 1968 welche
437 1928 506 1968 die
549 1941 657 1968 neue
700 1927 915 1980 Ordnung
957 1927 1033 1968 der
1071 1927 1214 1980 Dinge
1246 1934 1371 1968 unter
1402 1927 1632 1981 Augustus
1663 1928 1722 1968 im

233 2003 479 2057 Gegensatz
520 2019 570 2044 zu
613 2005 696 2045 den
730 2005 846 2045 alten
878 2004 1288 2058 republikanischen
1321 2005 1469 2046 bietet.
1503 2029 1558 2034 —
1590 2004 1721 2058 Quod

232 2088 395 2123 temere
444 2082 485 2122 ni
526 2082 651 2122 fallor
682 2081 876 2123 docetur.
911 2082 1086 2122 Etenim
1121 2081 1281 2122 nullam
1315 2096 1492 2135 prorsus
1524 2082 1722 2136 adiungit

233 2166 537 2211 argumentum
570 2159 646 2199 sed
679 2160 977 2214 prosequitur:
1011 2159 1162 2208 ,‚Pluss
1189 2159 1302 2200 sieht
1330 2159 1372 2199 in
1398 2158 1482 2200 den
1501 2159 1720 2212 Strophen

236 2230 254 2286 5'
306 2236 393 2275 und
441 2235 468 2275 6
509 2237 604 2276 eine
647 2236 876 2289 Warnung
917 2249 994 2276 vor
1036 2236 1112 2276 der
1145 2236 1419 2289 Bewerbung
1450 2249 1521 2276 um
1556 2235 1721 2278 Staats-

232 2313 416 2353 ambter.
460 2313 509 2353 In
551 2313 691 2354 dieser
728 2313 1191 2367 Zuruckgezogenheit
1222 2313 1326 2365 liegt
1359 2313 1470 2353 nach
1503 2312 1591 2353 ihm
1625 2313 1720 2353 eine

236 2403 384 2439 ‚‚neue‚
433 2403 513 2430 nur
560 2391 617 2431 im
665 2390 1025 2431 monarchischen
1061 2390 1210 2431 Staate
1253 2390 1475 2430 denkbare
1517 2389 1720 2430 Mannes-

233 2466 439 2519 tugend.’'
469 2466 593 2507 Aber
620 2467 697 2509 hat
724 2467 871 2508 Horaz
888 2468 1002 2507 denn
1019 2467 1240 2520 geglaubt,
1260 2467 1329 2507 die
1347 2465 1719 2519 Staatsgeschafte

234 2543 410 2583 wtirden
442 2544 532 2583 sich
567 2558 652 2584 nun
686 2558 770 2584 von
803 2545 937 2585 selbst
968 2544 1219 2592 vollziehen,
1255 2544 1323 2584 die
1352 2543 1513 2596 Kriege
1542 2543 1718 2584 wurden

286 2667 317 2708 1)
344 2666 782 2710 Kiesslingius-Heinzius
800 2667 887 2711 1908
902 2667 994 2700 haec
1008 2666 1134 2701 docet:
1152 2666 1308 2700 »virtusz
1324 2666 1424 2700 diese
1439 2677 1479 2700 so
1493 2665 1718 2708 erworbene,

235 2724 452 2768 ‘Mannheit'
491 2743 534 2748 -
572 2725 675 2758 nicht
714 2725 813 2759 blosz
847 2725 1088 2770 ‘Tapferkeit'
1122 2725 1283 2759 sondern
1316 2725 1375 2759 die
1409 2725 1627 2769 Gesinnung
1652 2724 1718 2759 des

235 2783 384 2816 wahren
412 2783 480 2825 vir,
506 2783 572 2817 wie
598 2794 637 2817 er
662 2784 728 2818 des
754 2784 927 2818 Dichters
952 2784 1056 2819 Ideal
1081 2784 1161 2818 ist.“

280 2862 316 2903 2)
341 2860 397 2894 Cf.
424 2860 473 2895 1.1.
499 2871 573 2906 pag
599 2870 676 2904 304.
