1955 3157
538 692 849 768 OPERIS
903 691 1519 762 CONSPECTUS.

1713 893 1734 914 8.
1764 908 1771 916 .

400 945 680 985 PRAEFATIO
751 975 1646 986 .............
1687 892 1771 981 pv?

284 1038 446 1080 CAPUT
476 1039 507 1079 Ι.
542 1042 618 1083 De
648 1042 886 1084 Carmine
916 1042 1086 1082 Primo
1127 1068 1651 1081 ........
1751 1048 1765 1076 1

415 1118 438 1169 ξ
477 1128 509 1157 1.
544 1117 611 1156 De
643 1130 776 1157 carm.
811 1117 842 1166 I,
876 1116 1060 1169 stropha
1098 1121 1138 1156 1³
1200 1146 1650 1158 .......
1747 1124 1768 1165 3

414 1194 437 1246 ἓ
471 1204 509 1236 2.
544 1194 611 1233 De
652 1207 785 1234 carm.
829 1194 882 1234 ΙΙ.
926 1194 1109 1247 stropha
1152 1199 1207 1235 2³.
1267 1192 1501 1247 Quaeritur
1542 1193 1653 1234 sitne

545 1271 814 1312 conectenda
846 1285 945 1312 cum
978 1270 1145 1325 reliquo
1176 1272 1368 1311 carmine
1400 1284 1534 1310 necne
1570 1303 1576 1309 .
1644 1303 1651 1309 .
1746 1279 1769 1320 7

546 1362 586 1391 a.
621 1348 944 1390 Sententiarum
977 1348 1170 1401 cognitio
1199 1377 1649 1390 .......
1744 1355 1768 1397 7

546 1426 583 1467 b.
616 1425 852 1479 Scriptoris
885 1426 1101 1466 sententia
1123 1455 1648 1467 ........
1720 1434 1767 1462 12

413 1504 437 1557 §
472 1514 509 1555 3.
543 1504 611 1544 De
645 1503 820 1557 reliquis
848 1503 1040 1556 strophis
1073 1516 1204 1544 carm.
1239 1503 1257 1542 I
1273 1532 1650 1543 ......
1720 1500 1771 1540 16

411 1582 435 1634 ξ
467 1592 506 1632 4.
543 1579 774 1621 Conclusio
829 1610 1650 1622 ............
1715 1589 1768 1618 20

280 1686 442 1728 CAPUT
459 1688 513 1729 ΙΙ.
547 1690 623 1731 De
666 1689 904 1731 Carmine
934 1688 1168 1730 Secundo
1199 1718 1647 1727 .......
1716 1698 1764 1726 21

411 1765 435 1817 ξ
474 1776 506 1805 1.
541 1764 609 1804 De
641 1778 773 1806 carm.
810 1764 861 1803 II.
897 1763 1079 1817 stropha
1118 1769 1156 1803 1a
1197 1795 1648 1805 .......
1715 1775 1768 1804 22

545 1855 586 1882 a.
621 1842 782 1882 Variae
814 1841 1056 1883 sententiae
1123 1874 1648 1884 ........
1714 1853 1768 1882 22

545 1919 580 1961 b.
617 1919 850 1973 Scriptoris
883 1919 1098 1960 sententia
1121 1950 1648 1961 ........
1715 1930 1769 1969 24

546 2011 578 2037 e.
612 1995 739 2050 Quae
771 2002 925 2037 contra
956 1995 1171 2045 dicuntur,
1207 1995 1458 2037 refelluntur
1493 2030 1499 2037 .
1565 2027 1575 2036 .
1640 2030 1647 2038 .
1715 2006 1767 2048 27

411 2075 435 2126 ξ
470 2085 506 2116 2.
543 2075 610 2114 De
643 2087 774 2114 carm.
810 2074 863 2114 II.
897 2074 1063 2114 unitate
1122 2106 1647 2115 ........
1715 2084 1770 2126 29

544 2165 584 2192 a.
619 2150 941 2193 Sententiarum
976 2151 1168 2203 cognitio
1196 2181 1649 2192 .......
1714 2161 1769 2203 29

546 2227 581 2270 b.
616 2227 852 2281 Scriptoris
884 2227 1208 2280 argumentatio
1272 2258 1649 2268 ......
1715 2237 1766 2278 33

411 2306 435 2358 ξ
470 2316 506 2357 3.
542 2305 609 2346 De
642 2318 774 2346 carm.
809 2305 861 2346 II.
896 2303 1079 2358 stropha
1110 2309 1156 2355 4²¹
1198 2334 1649 2345 .......
1715 2313 1768 2356 37

410 2384 434 2435 ᾗ
465 2394 505 2433 4.
539 2382 607 2422 De
635 2395 767 2422 carm.
797 2382 848 2423 II.
868 2381 1059 2434 strophis
1092 2380 1216 2432 5—6.
1237 2380 1503 2421 Dividuntur
1521 2380 1650 2421 inter-

544 2465 689 2514 pretes
722 2460 764 2499 in
797 2465 883 2499 tres
916 2458 1074 2499 classes
1124 2489 1647 2499 ........
1715 2469 1770 2510 39

543 2550 583 2578 a.
619 2537 685 2577 De
703 2537 764 2585 iis,
779 2536 852 2589 qui
870 2536 1076 2577 virtutem
1089 2535 1289 2576 bellicam
1303 2534 1481 2575 indicari
1495 2540 1651 2589 putant
1711 2546 1770 2586 40

544 2614 580 2656 b.
619 2614 687 2654 De
740 2614 804 2665 iis,
851 2613 925 2667 qui
974 2613 1183 2666 Principis
1231 2613 1437 2653 virtutem
1484 2613 1649 2653 cantari

618 2690 849 2745 perhibent
899 2721 1648 2731 ...........
1710 2699 1766 2741 47

543 2782 575 2810 c.
620 2769 688 2809 De
726 2769 787 2817 iis,
832 2768 905 2822 qui
943 2767 1148 2808 virtutem
1180 2766 1426 2807 universam
1458 2766 1648 2819 intellegi

618 2844 816 2885 credunt
825 2875 1647 2885 ............
1715 2851 1769 2894 50
