1955 3157
972 257 1024 298 32

247 374 365 415 illum
398 375 720 429 paratissimum
752 375 945 430 alioquin
977 375 1231 429 opinionum
1259 387 1434 415 suarum
1461 375 1735 417 defensorem

246 465 272 491 a
305 458 422 493 recta
453 453 524 493 via
557 452 787 493 deflexisse
821 459 865 494 et
891 467 978 494 non
1006 459 1159 494 contra
1186 453 1471 494 Karstenium
1489 467 1568 494 nec
1585 461 1740 496 contra

246 529 444 583 quemvis
485 529 617 570 alium
660 544 877 584 pugnasse
918 530 994 571 sed
1037 529 1222 583 Hispani
1254 529 1365 570 illius
1400 529 1572 584 Equitis
1604 531 1740 573 instar

247 612 400 647 contra
431 607 569 647 molas
601 621 709 662 quas
741 614 900 648 vocant
932 607 1113 650 velares.

308 683 577 733 Karstenius,
612 684 803 738 inquam,
838 684 972 724 refelli
995 684 1193 737 fortasse
1224 683 1388 725 debuit,
1423 684 1601 726 Etenim
1647 685 1738 726 eius

247 761 496 814 opinionem
525 760 709 802 multum
738 761 900 802 distare
927 775 953 801 a
971 767 1121 802 nostra
1138 774 1224 801 non
1242 762 1461 803 existimo.
1481 761 1548 802 Eo
1566 768 1738 804 tantum

246 844 470 890 permotus
512 837 641 878 fuisse
682 839 789 878 mihi
831 839 1014 888 videtur,
1060 844 1106 879 ut
1147 839 1359 880 unitatem
1394 845 1586 895 negaret,
1619 840 1738 894 quod

245 915 316 955 illa
362 928 475 970 quae
517 921 620 956 tunc
660 916 870 969 temporis
912 930 938 957 a
979 916 1195 957 nonnullis
1237 916 1554 957 defendebatur
1596 917 1737 958 unitas

245 991 353 1032 falso
402 992 550 1046 utique
598 992 816 1034 nitebatur
863 993 1163 1034 fundamento.
1211 993 1369 1035 Unitas
1410 1007 1561 1034 verum
1605 1006 1736 1047 quam

245 1068 433 1109 Iurenka
460 1070 625 1123 primus
653 1070 881 1123 proposuit
900 1084 925 1110 a
941 1069 1121 1112 laudato
1140 1071 1353 1124 scriptore
1372 1084 1458 1111 non
1476 1070 1738 1124 investigata

244 1152 321 1187 est.
352 1144 688 1188 Contendebant
715 1147 831 1188 enim
857 1148 901 1187 in
928 1148 1151 1202 utriusque
1170 1148 1372 1188 carminis
1389 1154 1513 1201 parte
1529 1148 1735 1189 virtutem

243 1223 476 1276 significari
509 1223 704 1264 bellicam
732 1231 904 1265 tantum
923 1226 968 1277 1).
997 1225 1112 1265 Huic
1139 1238 1242 1265 vero
1270 1225 1463 1279 opinioni
1480 1225 1737 1265 adversatus

243 1306 309 1341 est
367 1300 639 1353 Karstenius,
696 1301 901 1356 illamque
957 1315 1070 1356 quae
1118 1302 1213 1355 ipso
1260 1301 1400 1342 iudice
1447 1301 1503 1342 ab
1549 1301 1736 1341 Horatio

243 1377 445 1418 laudatur
500 1378 706 1419 virtutem
764 1392 862 1419 cum
921 1378 1065 1419 Tullio
1123 1378 1345 1432 eleganter
1402 1379 1464 1419 sic
1515 1377 1734 1420 definivit:

245 1454 462 1503 „adfectio
495 1455 627 1495 animi
660 1461 865 1496 constans
893 1455 1255 1510 conveniensque,
1285 1454 1525 1496 laudabiles
1547 1455 1735 1496 efficiens

242 1544 317 1571 eos
359 1532 400 1572 in
434 1532 590 1586 quibus
622 1539 699 1582 est,
734 1539 778 1573 et
809 1533 903 1586 ipsa
934 1546 1012 1586 per
1043 1546 1102 1583 se,
1136 1539 1338 1586 seperata
1370 1533 1501 1574 etiam
1533 1532 1733 1584 utilitate,

241 1608 493 1659 laudabilis;
541 1624 599 1650 ex
644 1623 697 1650 ea
738 1609 1071 1664 proficiscuntur
1103 1609 1314 1650 honestae
1345 1609 1605 1661 voluntates,
1638 1623 1735 1650 sen-

242 1687 416 1736 tentiae,
473 1687 681 1740 actiones,
733 1687 961 1741 omnisque
1011 1693 1130 1728 recta
1176 1685 1411 1741 oratio'’2).
1459 1686 1558 1727 Hac
1603 1687 1735 1740 igitur

242 1763 401 1804 virtute
442 1777 575 1817 quam
616 1770 664 1804 ut
695 1764 829 1805 totius
862 1763 973 1804 odae
1005 1771 1313 1818 argumentum
1346 1776 1425 1804 nos
1457 1763 1733 1804 considerare

242 1853 369 1893 posse
397 1853 447 1880 ac
474 1840 636 1881 debere
662 1841 906 1894 opinamur,
924 1840 1184 1882 Karstenius
1202 1841 1414 1881 contineri
1433 1840 1732 1882 fortitudinem

241 1930 519 1971 nequaquam
553 1918 741 1972 negavit.

301 1993 388 2035 Sed
458 1994 683 2035 redeamus
745 1995 801 2036 ad
863 1995 1288 2049 argumentationem
1351 1995 1591 2036 doctissimi
1651 1995 1730 2036 viri

242 2070 468 2124 Kreppelii
516 2071 641 2121 „Wir
688 2072 840 2113 wollen
887 2086 968 2113 uns
1015 2086 1095 2113 nur
1141 2072 1327 2122 denken,
1370 2073 1450 2113 das
1481 2073 1558 2113 wir
1590 2072 1731 2113 einem

242 2147 438 2188 Zuhorer
495 2149 595 2189 dem
652 2149 729 2190 das
778 2148 969 2190 Gedicht
1015 2149 1163 2190 bisher
1211 2149 1465 2190 unbekannt
1512 2162 1613 2199 war,
1661 2148 1732 2190 die

241 2231 385 2266 ersten
431 2225 522 2265 vier
563 2225 784 2279 Strophen
826 2225 1079 2280 vorgelesen
1121 2226 1285 2268 hatten.
1330 2226 1473 2266 Wenn
1506 2226 1583 2267 wir
1613 2226 1730 2267 dann

240 2302 336 2342 eine
382 2302 519 2343 Pause
565 2302 770 2344 machten
818 2302 906 2344 und
952 2302 1192 2344 erklarten:
1241 2303 1353 2355 Jetzt
1395 2302 1566 2343 kommt
1597 2309 1730 2344 etwas

242 2378 399 2428 Neues,
443 2379 550 2432 jetzt
597 2379 719 2420 redet
751 2379 898 2420 Horaz
931 2379 985 2420 de
1019 2380 1190 2429 virtute,
1225 2393 1274 2420 so
1307 2380 1454 2420 warde
1486 2392 1615 2420 unser
1647 2379 1730 2421 Zu-

240 2455 369 2495 horer
415 2456 507 2496 sich
554 2456 782 2497 sicherlich
828 2457 1113 2497 verwundern
1154 2456 1242 2497 und
1284 2456 1431 2497 wurde
1474 2457 1552 2498 mit
1585 2456 1730 2499 Recht

241 2532 503 2586 behaupten,
547 2534 691 2574 davon
731 2533 792 2574 sei
828 2532 874 2586 ja
910 2533 1024 2574 doch
1057 2533 1204 2574 bisher
1236 2533 1347 2574 auch
1379 2533 1516 2573 sehon
1548 2533 1729 2586 geredet

292 2716 324 2758 1)
349 2715 400 2749 Ut
438 2714 561 2759 colligi
600 2720 721 2760 potest
758 2725 844 2748 cum
881 2725 925 2748 ex
963 2715 1172 2749 Monmseni
1210 2715 1272 2759 l.1.,
1311 2720 1391 2749 tum
1429 2725 1473 2749 ex
1508 2714 1728 2749 Friedrichii

240 2779 275 2807 et
302 2773 514 2818 Kiesslingii
539 2774 828 2809 commentariis.

288 2851 325 2893 2)
349 2851 458 2884 Tusc.
485 2851 547 2884 IV.
576 2860 631 2894 34.
