1955 3157
979 174 1033 225 87

253 301 362 356 Quis
408 316 495 343 non
539 302 657 344 videt
688 315 820 357 quam
854 303 961 344 mire
992 302 1102 344 haec
1133 317 1233 345 cum
1264 304 1459 346 versibus
1492 305 1744 346 Horatianis

251 380 540 422 conveniant?
581 380 736 434 Neque
778 380 948 434 negabo
990 380 1034 421 id
1076 381 1230 435 ipsum,
1271 381 1389 435 quod
1422 382 1464 422 in
1482 384 1745 436 exponenda

250 456 387 498 altera
419 457 503 498 oda
535 457 720 498 libenter
751 458 945 498 concessi
963 458 1009 510 1):
1039 457 1272 500 Horatium
1300 458 1452 500 talium
1479 459 1609 501 Tullii
1627 460 1743 500 loco-

250 548 346 575 rum
404 548 490 574 non
537 535 838 575 immemorem
885 534 1041 576 saltem
1087 534 1232 588 fuisse,
1280 549 1378 577 cum
1425 537 1619 577 carmina
1665 551 1744 578 sua

250 618 547 664 componeret.
574 612 755 653 Minime
782 626 886 652 vero
908 613 1153 653 necessario
1171 626 1227 653 ex
1244 626 1297 653 eo
1315 613 1510 665 efficitur,
1530 613 1742 655 Catonern

248 701 380 742 quem
411 688 473 730 ita
505 689 645 742 egisse
676 689 814 742 probe
844 689 1011 730 sciebat
1044 696 1188 744 poeta,
1219 690 1378 731 diserte
1405 704 1580 744 quoque
1607 692 1663 732 ab
1691 705 1744 732 eo

249 764 432 806 laudari.

367 888 408 930 d.
443 889 665 931 Sententia
697 890 939 944 scriptoris.

307 996 525 1039 Laudavit
581 1011 902 1051 quemcumque
959 1011 1062 1038 vere
1118 998 1363 1051 sapientem
1410 999 1484 1052 qui
1533 998 1741 1040 iustitiam

247 1074 530 1128 coniungeret
571 1088 670 1115 cum
703 1075 962 1123 constantia,
996 1074 1235 1116 secundum
1268 1075 1598 1117 celeberrimam
1630 1075 1740 1117 Stoi-

246 1164 396 1192 corum
438 1150 682 1192 doctrinam
724 1152 767 1191 in
810 1151 965 1192 eodem
1011 1151 1122 1192 libro
1167 1151 1389 1193 Ciceronis
1407 1152 1438 1205 2)
1476 1154 1738 1206 expositam.

245 1227 473 1270 Amabant
505 1242 637 1282 porro
670 1228 920 1282 philosophi
953 1229 1010 1269 illi
1043 1229 1262 1282 sapientes
1295 1243 1396 1270 suos
1428 1230 1664 1284 depingere
1693 1237 1741 1273 ut

244 1306 361 1346 viros
392 1305 646 1359 intrepidos,
679 1306 752 1360 qui
787 1306 826 1345 in
862 1306 1017 1346 mediis
1050 1306 1250 1359 periculis
1282 1312 1376 1347 tum
1405 1306 1460 1347 ab
1488 1307 1739 1349 hominibus

244 1389 337 1424 tum
370 1396 395 1423 a
427 1389 582 1424 natura
613 1383 694 1423 sibi
727 1383 1051 1424 imminentibus
1085 1383 1142 1423 nil
1175 1384 1577 1425 commovebantur.
1614 1383 1739 1437 Quae

242 1460 278 1500 si
320 1474 406 1500 non
448 1460 690 1501 omittimus
732 1460 927 1513 priorum
969 1460 1250 1513 stropharum
1284 1462 1503 1514 expositio
1536 1462 1739 1504 facillima

242 1538 338 1578 erit.
387 1537 541 1578 Omnis
582 1551 758 1591 prorsus
802 1538 1021 1579 evanescit
1059 1537 1300 1579 difficultas.
1335 1538 1394 1580 Et
1425 1552 1538 1593 quae
1570 1540 1739 1580 Rosen-

242 1614 418 1668 bergius
449 1621 604 1656 contra
630 1614 953 1656 Mommsenum
966 1616 1022 1667 3):
1054 1615 1179 1663 „Wie
1207 1615 1289 1655 viel
1318 1615 1504 1656 schoner
1521 1617 1738 1658 erscheint

242 1691 312 1732 die
344 1691 636 1745 Schilderung
662 1691 738 1732 des
767 1691 1075 1733 Heldenideals
1093 1691 1208 1732 beim
1227 1692 1591 1742 Trummersturz,
1613 1707 1737 1734 wenn

242 1783 343 1810 man
377 1782 422 1810 es
454 1769 564 1810 eben
591 1769 654 1809 als
682 1768 800 1809 Ideal
828 1768 949 1820 fasst‚
978 1768 1040 1809 als
1068 1783 1191 1809 wenn
1221 1783 1322 1809 man
1340 1770 1423 1810 den
1442 1770 1736 1824 vorsichtigen

241 1845 469 1900 Augustus
501 1845 593 1887 sich
628 1846 707 1887 mit
738 1847 887 1886 seinen
921 1847 1136 1900 wurzigen
1171 1846 1362 1888 Schiffen
1396 1861 1468 1887 um
1501 1847 1571 1887 die
1600 1847 1735 1888 Herr-

241 1923 382 1965 schaft
416 1923 597 1977 ringend
630 1923 809 1972 denkt''‚
844 1936 931 1963 non
962 1929 1134 1964 tantum
1168 1923 1315 1964 valent
1343 1924 1397 1964 de
1424 1923 1631 1978 Augusto
1658 1926 1735 1966 sed

240 2000 296 2041 de
330 1999 498 2041 Catone
530 2007 573 2042 et
605 2001 660 2040 de
691 2000 847 2054 quovis
880 2000 980 2052 alio,
1012 2000 1046 2040 si
1081 2006 1223 2041 mutas
1252 2014 1364 2054 quae
1392 2001 1602 2042 mutanda
1619 2009 1733 2044 sunt.

241 2077 456 2118 Universe
498 2078 628 2131 igitur
670 2076 964 2130 intellegenda
1005 2084 1071 2118 est
1113 2077 1348 2131 descriptio
1382 2079 1651 2119 constantiae
1683 2093 1734 2120 ac

239 2155 440 2196 iustitiae.
475 2154 582 2195 Leni
615 2161 708 2195 tum
742 2167 893 2194 revera
926 2167 1065 2202 cursu,
1100 2160 1147 2194 ut
1173 2154 1234 2194 ait
1261 2154 1520 2195 Karstenius
1546 2154 1602 2195 l.l.
1632 2169 1734 2208 pro-

238 2231 433 2285 greditur
465 2231 552 2271 oda
585 2245 610 2271 a
642 2231 804 2284 duplici
838 2231 909 2271 illa
941 2232 1099 2271 virtute
1128 2230 1183 2270 ad
1211 2244 1286 2271 eos
1313 2232 1386 2285 qui
1414 2231 1498 2272 hac
1515 2238 1609 2273 arte
1627 2233 1732 2273 enisi

239 2323 360 2349 arces
402 2309 628 2362 attigerint
669 2309 830 2361 igneas.
876 2308 1073 2361 Ipsisque
1117 2308 1274 2361 pueris,
1318 2322 1429 2362 quos
1472 2322 1558 2349 non
1591 2310 1733 2351 minus

238 2400 371 2440 quam
404 2392 533 2426 antea
564 2385 648 2426 hac
681 2385 767 2425 oda
798 2385 892 2426 vult
923 2384 1081 2425 docere
1109 2391 1253 2437 poeta,
1282 2385 1425 2425 vivide
1452 2391 1554 2426 ante
1581 2386 1731 2427 oculos

238 2464 414 2516 ponitur
441 2464 587 2516 imago
610 2462 742 2503 animi
760 2461 1071 2515 amplitudinis7
1089 2475 1201 2516 quae
1219 2462 1322 2515 ipsis
1338 2463 1633 2516 comparanda
1651 2469 1729 2504 est.

290 2623 322 2666 1)
347 2621 444 2656 Vide
469 2633 584 2668 supra
609 2632 694 2668 pag.
724 2629 761 2666 51
781 2632 861 2666 sqq.

286 2706 322 2749 2)
347 2706 404 2740 De
419 2705 490 2740 Off.
504 2706 534 2750 Ι,
552 2715 610 2750 19:
627 2705 743 2739 >nihil
757 2705 857 2740 enim
871 2704 1071 2739 honestum
1087 2715 1167 2739 esse
1180 2709 1302 2750 potest
1318 2704 1419 2750 quod
1433 2704 1573 2739 iustitia
1584 2705 1729 2739 vacat''.

287 2784 324 2827 3)
349 2782 406 2817 Cf.
432 2782 482 2817 l.l.
508 2793 592 2828 pag.
624 2791 663 2826 13
690 2782 727 2816 in
753 2793 802 2817 m.
817 2792 852 2827 p.
