1955 3157
946 285 1001 327 70

217 411 385 453 Tullius
431 409 555 464 quil)
607 408 772 458 „multa
819 405 972 461 inquit,
1022 403 1185 444 eximia
1233 401 1467 455 divinaque
1512 399 1716 440 videntur

217 489 425 531 Athenae
468 493 569 529 tuae
611 485 849 540 peperisse,
882 489 1014 537 atque
1047 482 1089 522 in
1121 481 1213 522 vita
1244 478 1472 520 hominum
1505 475 1715 525 attulisse,

216 573 311 609 tum
343 565 449 607 nihil
476 564 629 606 melius
656 563 737 604 illis
765 561 986 615 mysteriis
1013 559 1170 613 quibus
1197 571 1255 597 ex
1271 555 1432 610 agresti
1450 553 1718 606 immanique

217 645 307 685 vita
339 642 502 684 exculti
531 641 587 682 ad
614 640 933 682 humanitatem
961 643 1005 678 et
1033 635 1219 688 mitigati
1238 646 1399 685 sumus⁷
1418 643 1560 685 neque
1577 628 1717 671 solum

216 734 317 762 cum
358 719 525 761 laetitia
565 717 739 759 vivendi
783 716 999 757 rationem
1043 712 1291 765 accepimus
1334 709 1411 750 sed
1454 709 1585 749 etiam
1619 719 1718 747 cum

217 811 296 852 spe
336 796 516 838 meliore
557 791 814 836 moriendi.''
850 792 1029 845 Eosque
1061 802 1192 843 porro
1226 787 1399 829 Graeco
1430 797 1602 838 semper
1635 784 1719 824 ritu

218 875 413 916 initiatos
455 887 560 922 esse,
596 871 956 923 Graecorumque
987 868 1120 921 igitur
1151 870 1387 920 praecepta
1418 875 1594 917 quoque
1626 873 1721 901 esse

219 958 405 1000 secutos,
435 950 714 1004 perspicuum
742 953 808 988 est
836 960 892 986 ex
920 944 1074 986 eodem
1094 942 1317 984 Ciceronis
1334 940 1446 981 libro
1464 937 1493 990 εἰ)
1512 938 1585 980 ubi
1602 936 1721 991 leges

220 1043 320 1070 suas
348 1027 579 1082 proposuit
607 1025 661 1066 de
690 1024 898 1077 religione
925 1035 975 1063 ac
1003 1021 1115 1062 dixit
1143 1020 1255 1060 inter
1282 1018 1367 1059 alia
1392 1016 1553 1058 multa:
1583 1026 1722 1065 „neve

222 1104 454 1158 (mulieres)
496 1103 708 1151 initianto‚
748 1101 844 1150 nisi,
877 1105 925 1141 ut
956 1097 1118 1139 assolet
1150 1095 1311 1144 Cereri,
1347 1093 1519 1135 Graeco
1551 1091 1719 1134 sacro.''

281 1182 542 1224 Rectissime
576 1180 707 1234 igitur
741 1184 874 1232 poeta
904 1176 1128 1217 silentium
1161 1174 1281 1228 quod
1315 1172 1395 1226 piis
1422 1170 1606 1211 deorum
1634 1168 1723 1211 cul-

222 1260 390 1302 toribus
432 1258 542 1300 tanti
584 1256 900 1298 aestimabatur
941 1267 1017 1308 per
1053 1255 1304 1308 μεταφορὰν
1336 1249 1482 1303 posuit
1515 1259 1596 1301 pro
1628 1246 1723 1300 ipso

222 1338 341 1379 cultu
372 1337 565 1378 deorum.

342 1469 379 1500 c,
412 1455 480 1495 De
503 1453 668 1508 poenis.

284 1550 440 1592 Altera
487 1549 688 1604 quaestio
735 1552 801 1588 est
848 1547 902 1587 de
951 1546 1102 1600 poenis
1145 1558 1260 1599 quae
1301 1552 1554 1600 sequuntur.
1599 1549 1726 1591 Haec

226 1635 373 1671 autem
415 1629 501 1668 iam
546 1640 633 1667 non
676 1625 905 1679 praebebit
948 1623 1263 1676 difficultatem,
1301 1624 1404 1678 quia
1436 1625 1471 1665 si
1505 1628 1726 1679 poeticum

227 1707 367 1760 valde,
401 1705 682 1758 Graecosque
717 1703 934 1744 imitatum
962 1714 1098 1755 genus
1127 1700 1298 1741 dicendi
1326 1701 1453 1742 nimis
1481 1703 1621 1745 ieiune
1639 1717 1726 1745 non

228 1790 412 1838 spectas,
447 1782 502 1822 ad
534 1781 670 1822 verba
702 1779 872 1833 singula
904 1779 1068 1832 poteris
1100 1778 1377 1832 interpretari
1412 1780 1617 1834 strophas
1647 1781 1727 1822 has

230 1874 370 1916 neque
418 1859 504 1901 ulla
546 1872 612 1899 res
655 1858 765 1898 mira
806 1857 885 1897 tibi
928 1856 1158 1896 videbitur.
1205 1854 1469 1909 Saepissime
1501 1858 1616 1898 enim
1647 1858 1728 1899 viri

230 1939 334 1979 deos
379 1937 658 1990 neglegentes
701 1935 852 1975 iisdem
893 1933 984 1974 fere
1017 1933 1266 1974 nominibus
1298 1934 1580 1976 nominantur
1610 1935 1728 1990 apud

230 2016 435 2070 antiquos
466 2014 714 2066 scriptores,
748 2011 1019 2065 eaedemque
1052 2023 1220 2063 poenae
1253 2010 1303 2050 iis
1335 2010 1585 2053 indicuntur
1602 2010 1647 2066 3).

781 2154 806 2206 ξ
824 2162 863 2205 7.
900 2151 1186 2193 CONCLUSIO.

294 2251 476 2294 Summa
517 2251 648 2304 igitur
690 2249 896 2290 carminis
939 2253 1005 2288 est
1037 2247 1170 2287 haec:
1205 2246 1432 2288 Laudatur
1464 2260 1612 2288 coram
1644 2247 1730 2288 vir-

235 2330 407 2383 ginibus
454 2329 686 2382 puerisque
736 2325 948 2366 Romanis
1005 2324 1155 2365 Virtus
1197 2324 1400 2364 Romana
1443 2325 1564 2365 cuius
1605 2324 1730 2378 quasi

237 2413 381 2461 partes
424 2406 686 2460 praecipuae
727 2403 923 2457 singulae
960 2407 1190 2443 cantantur
1222 2415 1248 2441 a
1280 2407 1423 2454 poeta.
1456 2401 1553 2442 Hae
1585 2407 1732 2455 partes

237 2490 338 2525 sunt
380 2490 494 2524 tres:
528 2481 809 2532 continentia,
844 2479 1068 2532 fortitudo,
1101 2479 1374 2532 deorumque
1405 2477 1546 2518 cultus
1578 2477 1730 2519 fidelis.

291 2620 323 2661 1)
349 2617 405 2652 Cf.
433 2618 488 2651 De
514 2616 676 2660 Legibus
702 2615 803 2650 XIV.

289 2696 324 2738 2)
351 2693 407 2728 Cf.
434 2694 483 2728 ib.
509 2704 590 2739 cap.
618 2693 682 2727 IX.

290 2773 326 2814 3)
353 2770 448 2804 Vide
474 2781 505 2804 e.
520 2782 554 2814 g.
581 2770 683 2804 locos
707 2781 730 2803 a
752 2767 1147 2811 Kiesslingio-Heinzio
1161 2766 1352 2801 laudatos:
1367 2765 1493 2811 Eurip.
1510 2765 1565 2799 El.
1585 2772 1674 2810 1354
1688 2784 1733 2788 —

243 2829 286 2863 fr.
326 2829 393 2872 848
433 2830 478 2864 N.
518 2849 562 2853 —
596 2829 731 2863 Aesch.
765 2829 864 2873 Sept.
899 2827 978 2862 602.
1015 2848 1057 2851 —-
1086 2825 1295 2871 Cyropaed.
1322 2825 1410 2859 VIII
1442 2834 1471 2868 1,
1498 2832 1554 2869 25,
1579 2829 1615 2858 et
1640 2823 1734 2858 alios

243 2889 458 2935 permultos.
