1955 3157
965 267 1045 308 170

311 388 409 428 Una
457 394 522 428 est
569 387 795 435 sententia,
844 400 957 440 quae
1004 387 1150 426 omnia
1201 385 1405 440 explicat,
1454 400 1617 436 eorum,
1666 388 1740 443 qui

251 465 428 505 remotis
460 463 734 517 praeiudiciis
767 463 933 504 cunctis
965 463 1082 515 ipsos
1115 463 1254 504 solum
1281 463 1559 505 considerant
1575 478 1739 504 versus.

311 541 398 594 Ipsi
440 546 682 593 agnoscunt
715 539 948 580 Horatium
975 547 1109 592 parce
1141 540 1200 579 ibi
1233 539 1474 580 celebrasse
1501 540 1741 594 principem

251 631 330 671 pro
365 617 443 657 illis
471 617 648 671 quidem
676 616 959 670 temporibus,
988 629 1086 656 cum
1105 617 1284 656 summis
1301 617 1540 657 honoribus
1557 617 1739 667 Romae,

251 694 408 734 divinis
451 694 493 734 in
534 693 767 747 provinciis
810 693 1049 733 ornabatur
1091 692 1331 746 Augustus.
1365 693 1453 746 Ipsi
1485 700 1739 747 agnoscunt,

251 777 427 825 poetam
460 784 536 825 per
563 784 641 811 sex
674 771 879 820 carmina,
911 770 992 810 sibi
1025 783 1201 823 prorsus
1229 776 1515 821 constantem,
1545 771 1743 812 docuisse

251 862 409 902 pueros
441 848 715 901 virginesque
743 861 805 896 ea,
835 860 947 901 quae
973 847 1065 900 ipse
1093 847 1195 887 olim
1224 854 1318 888 erat
1350 847 1530 888 edoctus
1562 861 1588 888 a
1619 854 1743 901 patre

252 925 323 965 illo
365 939 445 965 suo
488 924 749 978 probissimo
791 930 834 964 et
876 924 1226 977 prudentissimo,
1270 938 1483 978 quaeque,
1527 938 1614 979 qua
1650 931 1743 966 erat

252 1016 357 1043 sana
390 1009 548 1051 mente,
578 1002 637 1041 rei
656 1001 856 1054 publicae
874 1001 1067 1041 maxime
1085 1001 1312 1055 profutura
1330 1002 1421 1055 ipse
1439 1002 1741 1055 perspiciebat.

818 1146 1177 1190 CONCLUSIO.

314 1250 446 1303 Ergo,
489 1249 591 1303 quia
631 1248 738 1289 nihil
770 1249 918 1289 obstat
946 1249 1176 1301 quominus
1208 1256 1450 1290 statuamus
1482 1263 1634 1290 omnes
1665 1249 1744 1290 has

252 1327 358 1367 odas
406 1325 560 1366 eodem
608 1339 723 1366 anno
770 1339 863 1366 esse
905 1326 1173 1379 conscriptas
1217 1332 1349 1380 atque
1389 1326 1521 1367 odam
1553 1327 1744 1378 tertiam,

253 1417 365 1458 quae
407 1417 521 1444 anno
565 1413 618 1455 27
662 1403 893 1444 tribuenda
925 1409 1013 1452 est;
1046 1404 1149 1455 quia
1181 1417 1313 1457 porro
1345 1404 1401 1444 ab
1434 1403 1744 1458 antiquissimis

253 1481 524 1534 temporibus
567 1494 651 1520 una
691 1480 829 1520 lectae
870 1486 971 1521 sunt
1011 1486 1054 1520 et
1091 1480 1360 1534 explicatae;
1394 1481 1496 1533 quia
1529 1493 1609 1533 pro
1641 1494 1744 1520 con-

252 1558 385 1599 traria
432 1557 631 1598 doctrina
673 1556 836 1596 nullum
879 1562 1025 1597 exstat
1066 1564 1372 1610 argumentum
1415 1563 1660 1607 externum,
1694 1571 1745 1598 ea

254 1649 357 1675 vero
389 1648 500 1688 quae
527 1634 668 1675 solent
700 1633 842 1674 afferri
879 1634 1102 1682 „interna”
1137 1635 1329 1675 mimime
1362 1635 1537 1688 quidem
1565 1648 1742 1688 persua-

253 1713 379 1762 dent;
407 1713 508 1765 quia
535 1712 734 1765 denique,
764 1717 997 1764 postquam
1015 1712 1207 1765 singulas
1223 1711 1453 1764 diligenter
1470 1713 1742 1765 investigavi,

256 1804 313 1829 ex
354 1790 510 1829 eodem
553 1788 779 1842 proposito
817 1802 867 1828 ac
900 1788 1080 1828 consilio
1112 1802 1206 1829 esse
1240 1795 1366 1830 natae
1399 1789 1502 1829 mihi
1536 1789 1738 1830 videntur

255 1866 507 1907 coniunctas
540 1878 613 1905 eas
640 1865 769 1905 fuisse
797 1878 937 1918 neque
965 1878 1157 1919 unquam
1175 1871 1378 1915 mutatas,
1398 1865 1744 1906 concludendum

257 1956 350 1982 esse
383 1943 550 1995 opinor.

733 2306 845 2339 »HAC
872 2313 914 2339 IN
942 2312 993 2338 RE
1018 2311 1194 2338 SCILICET
1220 2312 1306 2338 UNA

733 2378 907 2405 MULTUM
934 2370 1181 2404 DISSIMILES”.
1198 2396 1205 2404 .
1223 2396 1229 2404 .
1246 2397 1253 2404 .

1231 2441 1346 2485 Epist.
1376 2441 1400 2475 I.
1432 2450 1483 2475 10.
1510 2450 1541 2475 2.
