1955 3157
917 165 940 204 8

181 293 313 334 modo
369 293 450 334 hos
506 307 654 335 versus
707 294 941 335 cohaerere
988 308 1066 335 nec
1113 295 1345 336 cohaerere
1394 309 1522 350 posse
1569 309 1667 336 cum

180 370 402 412 versiculis
433 371 713 425 sequentibus
745 385 802 412 ex
830 385 882 412 eo
908 372 1141 425 praecipue
1168 373 1313 414 hausit
1340 372 1458 426 quod
1476 373 1518 413 in
1535 373 1668 427 ipsius

179 449 382 489 carminis
414 449 611 502 partibus
643 448 838 501 diversis,
871 448 1063 490 diversas
1096 449 1421 503 philosophicas
1448 450 1668 491 doctrinas

180 525 436 579 profiteatur
473 525 695 567 Horatius.
730 526 831 579 Ipso
864 526 1004 566 iudice
1037 532 1167 579 poeta
1201 526 1428 579 distinguit
1460 526 1669 567 Varronis

180 602 274 643 illas
321 602 640 656 „Theologiam
688 602 948 656 physicam’'
997 609 1041 644 et
1089 602 1407 656 „Theologiam
1453 601 1668 645 civilem’'.

181 679 303 720 Haec
351 680 575 732 antiquam
624 680 677 719 de
720 679 802 719 diis
833 686 1063 721 conservat
1095 686 1140 721 et
1171 687 1388 734 propagat
1419 680 1564 731 fidem,
1598 679 1669 721 illa

181 763 336 798 contra
393 757 533 796 minus
591 763 656 797 est
708 756 865 797 idonea
911 770 1023 810 quae
1069 756 1333 797 multitudini
1381 757 1667 811 praedicetur.

181 834 333 887 Itaque
380 834 422 873 in
469 833 607 874 altera
648 833 841 887 stropha,
885 833 957 874 ubi
989 847 1089 874 curn
1121 834 1284 887 pietate
1316 835 1506 888 quadam
1538 841 1672 888 poeta

180 925 398 952 summum
443 912 557 952 Iovis
601 911 830 964 imperium
864 911 907 950 in
939 911 1137 964 populos,
1171 911 1214 950 in
1247 924 1370 964 reges
1403 912 1668 964 pronuntiat,

184 989 409 1038 „civilem”
460 989 662 1029 omnibus
706 994 855 1041 aptam
898 987 1027 1027 docet
1069 987 1350 1041 theologiam,
1395 989 1437 1028 in
1470 989 1520 1028 iis
1551 1002 1667 1039 vero,

182 1079 292 1118 quae
338 1071 591 1119 sequuntur,
641 1068 781 1106 ἄθεον
826 1064 1070 1105 doctrinam
1118 1064 1172 1105 de
1219 1065 1503 1106 Necessitate.
1546 1065 1670 1119 Quae

181 1143 292 1183 adeo
339 1143 450 1184 inter
497 1156 542 1182 se
590 1155 785 1196 pugnare
828 1141 1044 1194 videntur,
1088 1148 1135 1183 ut
1167 1155 1304 1182 nexus
1336 1156 1363 1182 a
1394 1142 1670 1183 Mommseno

181 1220 396 1261 indicatus
427 1220 667 1260 miserrime
701 1219 785 1259 iam
819 1218 1023 1259 solvatur.

240 1296 316 1337 Ad
349 1310 460 1350 quae
491 1297 600 1337 haec
632 1295 761 1336 velim
795 1296 1132 1336 animadvertas.

182 1374 400 1427 Imprimis
451 1387 550 1414 cum
608 1373 907 1414 Mommsenus
954 1379 1047 1414 tum
1094 1372 1354 1414 Karstenius
1402 1379 1510 1423 tum,
1559 1387 1672 1427 quos

183 1464 265 1504 ego
312 1451 412 1491 novi
460 1464 599 1504 paene
647 1463 811 1498 omnes,
860 1450 1050 1499 nimiam,
1100 1456 1147 1490 ut
1194 1450 1298 1490 mihi
1347 1450 1530 1500 videtur,
1574 1451 1670 1491 voci

196 1528 511 1577 ,necessitatis''
545 1528 633 1568 vim
666 1528 924 1569 tribuerunt.

563 1647 664 1656 .....
680 1622 812 1666 Aequa
837 1620 919 1664 lege
944 1620 1144 1654 necessitas

562 1680 722 1715 Sortitur
748 1679 910 1724 insignes
936 1685 972 1713 et
997 1679 1111 1722 imos;

563 1740 683 1773 Omne
709 1749 829 1784 capax
853 1744 981 1773 movet
1006 1749 1100 1772 urna
1125 1748 1272 1772 nomen.

243 1835 383 1877 Multo
416 1836 554 1889 magis
581 1849 734 1875 vocem
762 1835 878 1875 illam
906 1840 1110 1887 premunt
1137 1847 1269 1886 quam
1296 1833 1482 1874 voluisse
1500 1834 1672 1875 videtur

184 1913 275 1967 ipse
318 1919 462 1966 poeta.
506 1912 642 1965 Apud
687 1912 969 1952 Karstenium
1002 1911 1163 1965 primas
1196 1924 1373 1964 prorsus
1404 1912 1495 1965 agit
1526 1918 1672 1964 partes

186 1991 227 2030 in
253 1996 349 2031 toto
375 1990 463 2030 fere
490 1990 694 2043 carmine,
727 1988 1019 2042 indiciumque
1037 1988 1095 2028 illi
1114 1994 1178 2028 est
1197 1988 1442 2042 Horatium,
1461 1989 1672 2042 propositi

185 2068 248 2107 sui
282 2067 367 2106 iam
401 2067 716 2118 immemorem,
750 2065 990 2119 virginibus
1023 2065 1254 2119 puerisque
1286 2068 1424 2107 ἄθεον
1450 2066 1671 2118 quandam

185 2144 256 2184 hic
292 2144 466 2184 tradere
499 2144 758 2184 doctrinam.
792 2141 923 2196 Quod
957 2156 1060 2182 sane
1093 2142 1233 2182 minus
1266 2142 1392 2182 decet
1423 2156 1520 2182 eum
1554 2149 1672 2195 post-

186 2234 318 2273 quam
366 2221 440 2260 vix
484 2220 722 2260 sacerdotis
764 2233 920 2260 munus
952 2219 1164 2272 suscepit!
1199 2218 1285 2260 Sed
1319 2219 1352 2259 si
1385 2220 1480 2272 quis
1512 2220 1673 2260 obiciat

187 2297 291 2336 mihi
324 2298 471 2350 negari
506 2311 591 2337 non
621 2310 750 2350 posse
778 2302 955 2349 poetam
984 2297 1026 2336 in
1050 2297 1180 2336 variis
1197 2296 1459 2336 carminibus
1478 2295 1671 2337 Stoicam

188 2374 430 2414 doctrinam
465 2381 507 2414 et
540 2374 802 2427 Epicuream
836 2373 1013 2413 alternis
1045 2373 1209 2413 vicibus
1242 2372 1453 2422 docuisse,
1487 2386 1673 2426 eumque

188 2450 257 2490 hic
315 2463 400 2490 non
457 2450 580 2491 aliter
633 2451 798 2500 fecisse,
847 2449 1198 2503 respondendum
1244 2449 1415 2490 videtur
1463 2449 1673 2502 imprimis

189 2532 377 2579 poetam,
408 2527 440 2566 si
470 2540 673 2578 unquam,
703 2533 805 2567 tunc
824 2527 1063 2567 certissime
1081 2524 1306 2575 „civilem”
1328 2526 1443 2566 illam
1463 2525 1673 2567 Varronis

189 2602 477 2656 Theologiam
525 2603 720 2655 profiteri
762 2603 976 2644 debuisse.
1019 2603 1173 2656 Neque
1216 2603 1257 2642 in
1290 2608 1464 2643 menten
1497 2602 1672 2655 quidem

188 2680 336 2719 venire
368 2680 406 2720 ei
435 2681 576 2732 potuit
604 2687 650 2721 ut
677 2680 797 2721 fatali
826 2679 897 2720 illa
914 2680 1112 2732 tristique
1129 2679 1410 2720 Necessitatis
1429 2679 1674 2732 Theologia

190 2756 290 2805 vim,
325 2769 459 2809 spem,
495 2770 642 2797 veram
676 2757 880 2797 virtutem
914 2756 1138 2797 iuvenibus
1171 2755 1405 2796 eximeret!
