1955 3157
929 247 986 287 24

201 367 448 408 hibebimus
466 366 511 421 1).
554 366 641 408 Sed
674 366 790 419 finge
823 371 999 420 poetam
1030 364 1135 406 talia
1166 364 1323 405 docere
1355 361 1567 412 voluisse;
1601 367 1692 402 tum

200 445 329 486 simul
360 444 701 494 stolidissimum,
737 444 780 484 ni
812 443 949 493 fallor,
984 456 1148 483 nexum
1176 441 1383 482 admittas
1411 452 1587 480 necesse
1613 443 1691 481 est.

202 522 316 564 Vide
347 521 451 562 mihi
483 521 614 561 hosce
647 534 818 561 versus:

345 659 445 669 .....
464 633 541 667 »Sit
564 638 763 667 contentus
788 642 903 677 parvo
930 641 997 664 suo
1023 629 1208 675 stipendio
1234 630 1363 664 miles”
1391 629 1456 665 et.
1473 656 1481 664 .
1496 656 1504 664 .
1520 656 1528 664 .
1543 655 1551 664 .

463 697 643 731 »Parthos
670 695 811 730 feroces
837 700 947 729 vexet
973 704 1087 739 eques
1113 693 1336 728 metuendus
1361 693 1540 728 hasta”!!

261 793 505 834 Mirabilem
536 805 641 833 sane
675 789 1024 832 cohaerentiam!
1055 790 1318 831 Extremum
1345 790 1429 831 hoc
1446 790 1694 844 epitheton:

203 871 490 922 „metuendus
521 869 676 911 hasta''
707 868 940 909 defendere
968 867 1170 922 equidem
1199 867 1346 918 nolim,
1375 881 1454 907 nec
1481 866 1694 919 „ornans”

201 962 360 990 vocare
392 947 521 988 velim
555 947 700 1000 potius
732 959 864 999 quam
898 945 1188 999 superfluum;
1223 945 1423 997 quamvis
1454 945 1585 998 igitur
1611 943 1696 984 dis-

202 1027 361 1080 pliceat
401 1025 508 1066 mihi
552 1025 672 1065 locus
715 1023 783 1064 ille
827 1023 945 1076 quod
981 1023 1037 1063 ad
1070 1022 1269 1072 formam,
1303 1022 1405 1076 quia
1436 1021 1563 1062 nimis
1594 1021 1697 1062 arti-

202 1103 375 1144 ficiosus
394 1102 499 1143 mihi
518 1102 702 1151 videtur,
722 1100 1001 1141 nihilominus
1019 1100 1252 1141 Horatium
1271 1100 1313 1140 in
1331 1113 1464 1140 unum
1477 1099 1697 1140 consuisse

201 1181 325 1234 quasi
372 1181 569 1233 ineptum
602 1191 780 1232 prorsus
812 1184 1024 1219 sartorem
1058 1177 1169 1218 adeo
1197 1177 1369 1218 diversa
1395 1175 1540 1230 qualia
1565 1176 1698 1217 sumit

203 1258 516 1309 Mommsenus,
549 1256 726 1296 minime
758 1255 948 1297 credam.

320 1370 361 1411 b.
396 1368 619 1410 Sententia
650 1367 890 1422 scriptoris.

261 1464 498 1518 Quomodo
541 1463 673 1516 igitur
714 1462 878 1503 tuenda
920 1467 986 1503 est
1023 1475 1130 1502 sana
1160 1461 1294 1503 totius
1326 1460 1536 1514 strophae
1567 1460 1698 1514 signi-

203 1541 375 1583 ficatio?
418 1540 611 1581 Primum
654 1539 784 1590 nulla,
828 1538 943 1579 nulla
985 1552 1163 1592 prorsus
1208 1552 1358 1578 earum
1396 1551 1553 1586 rerum,
1587 1550 1699 1591 quae

202 1619 347 1660 verbis
388 1618 678 1667 continentur,
713 1616 991 1670 singulariter
1023 1617 1085 1657 ita
1117 1622 1183 1657 est
1215 1615 1455 1669 premenda
1488 1614 1610 1668 quasi
1643 1614 1698 1654 de

203 1710 255 1736 ea
287 1696 521 1750 praecipue
553 1694 623 1734 hic
655 1699 758 1747 agat
785 1700 931 1747 poeta.
960 1693 1113 1745 Itaque
1141 1706 1227 1733 non
1256 1692 1560 1746 inquirendum
1587 1697 1654 1732 est
1666 1692 1698 1746 2)

204 1773 377 1826 qualem
405 1772 630 1825 intellegat
657 1771 922 1825 pauperiem,
946 1783 1086 1823 neque
1105 1783 1239 1822 quare
1256 1769 1311 1809 de
1328 1783 1464 1822 puero
1481 1769 1698 1823 loquatur,

204 1864 290 1890 non
338 1851 392 1890 de
438 1850 554 1899 viro;
603 1861 745 1901 neque
792 1848 1034 1901 rogandum
1084 1847 1197 1887 unde
1241 1846 1407 1887 feroces
1449 1846 1506 1886 illi
1550 1845 1698 1886 Parthi

203 1927 349 1968 subito
381 1926 636 1980 prodierint,
671 1925 795 1978 quasi
829 1925 870 1965 in
898 1924 1079 1977 singulis
1105 1923 1171 1964 his
1200 1923 1329 1964 rebus
1357 1923 1560 1964 carminis
1588 1923 1700 1964 ratio

204 2005 428 2045 consistat.
473 2003 558 2056 Qui
601 2003 712 2043 haec
755 2002 903 2042 omnia
944 2002 1054 2041 scire
1088 2001 1234 2054 cupiet
1265 2000 1526 2042 turbabitur.
1562 2000 1699 2054 Saga-

205 2082 362 2122 cissimi
391 2082 476 2122 iam
505 2082 763 2134 interpretes
782 2091 958 2119 omnem
976 2091 1157 2131 operam
1173 2091 1297 2118 suam
1315 2078 1358 2118 in
1375 2091 1427 2118 eo
1445 2083 1697 2131 posuerunt,

206 2165 252 2200 ut
283 2158 452 2211 singula
484 2158 656 2211 penitus
688 2157 991 2210 explanarent,
1023 2156 1101 2196 sed
1133 2155 1294 2197 frustra
1325 2155 1510 2197 fuerunt.

264 2236 422 2276 Nonne
465 2235 566 2275 hinc
609 2241 675 2275 est
716 2233 1022 2286 colligendum,
1066 2239 1244 2286 poetam
1288 2233 1488 2274 universe
1528 2238 1699 2274 tantum

206 2319 250 2353 et
287 2326 364 2365 per
397 2312 614 2365 exempla,
649 2312 855 2352 distincte
888 2309 1114 2359 indicasse,
1149 2309 1254 2363 quid
1286 2310 1400 2358 boni,
1435 2310 1539 2363 quid
1571 2309 1700 2350 laude

206 2390 326 2442 digni
360 2390 444 2429 iarn
479 2388 658 2429 laudare
686 2387 895 2441 cuperet?
926 2386 1047 2428 Sicut
1076 2388 1118 2427 in
1135 2387 1277 2440 prima
1292 2386 1378 2427 oda
1395 2400 1508 2427 nunc
1526 2399 1700 2440 quoque

206 2472 371 2506 certum
432 2465 583 2506 habuit
630 2466 918 2519 propositum,
968 2470 1024 2515 et,
1073 2470 1121 2505 ut
1166 2464 1315 2505 statim
1363 2464 1467 2517 quid
1514 2464 1700 2504 sentiam

207 2549 431 2596 appareat,
476 2549 713 2594 antequam
757 2542 969 2582 rationem
1004 2541 1140 2581 reddo
1172 2540 1389 2594 opinionis
1422 2553 1557 2593 meae⁷
1591 2540 1700 2580 haec

208 2633 346 2673 pauca
377 2626 477 2660 sunt
510 2618 852 2673 praemittenda:
886 2631 973 2659 non
1005 2618 1167 2658 servari
1196 2630 1324 2671 posse
1350 2616 1480 2657 credo
1497 2616 1699 2656 carminis

260 2767 292 2808 1)
318 2764 373 2798 Cf.
401 2775 484 2809 pag.
512 2772 554 2809 35
585 2775 666 2810 sqq.

258 2842 293 2884 2)
319 2841 376 2876 Cf.
403 2841 526 2875 varios
553 2841 784 2886 interpretes.
