1955 3157
921 187 995 227 181

912 360 1013 403 XX.

278 506 552 548 Iudaeorum
610 518 729 560 quae
785 509 978 546 vocatur
1035 506 1250 560 ὀιασπορά
1306 502 1513 559 ipsorum
1565 504 1709 546 multo

219 587 369 646 magis
410 587 635 630 voluntati
677 601 814 642 quarn
848 586 1041 628 aliorum
1073 585 1320 628 violentiae
1352 585 1595 628 tribuenda
1627 592 1708 628 est.

899 786 1022 828 XXI.

278 932 470 976 Minime
501 933 619 975 inter
650 946 700 975 se
734 932 1080 975 contradicunt:

278 1016 426 1059 Actus
457 1016 792 1072 Apostolorum
830 1017 895 1058 18.
929 1027 969 1058 2.

279 1099 407 1143 Suet.
439 1099 494 1142 V.
514 1099 557 1141 d.
594 1099 758 1142 Claud.
793 1108 862 1152 25.

279 1182 411 1225 Cass.
443 1181 546 1224 Dio.
580 1182 676 1224 LX.
709 1182 750 1224 6.

893 1384 1036 1426 XXII.

280 1532 414 1587 Quae
453 1531 509 1573 de
544 1531 703 1574 Censu
737 1530 937 1586 Quirinii
970 1531 1166 1574 affirmat
1199 1532 1245 1575 S.
1279 1532 1431 1574 Lucas
1462 1533 1577 1574 falsa
1608 1547 1710 1575 esse

219 1628 514 1671 nequaquam
547 1614 913 1656 demonstratum
947 1621 1029 1656 est.

883 1816 1047 1858 XXIII.

277 1957 473 1999 Temere
505 1957 665 2000 Bacha
691 1973 732 1999 v.
753 1958 795 2000 d.
816 1984 870 1988 ——
889 1957 1039 2001 Genie
1057 1958 1114 2000 de
1130 1957 1292 2000 Tacite
1314 1958 1439 2012 1906,
1454 1972 1560 2016 pag.
1579 1970 1636 2013 24
1654 1985 1709 1990 —-

283 2040 343 2081 »Il
374 2054 401 2081 a
433 2039 620 2082 invente
652 2040 694 2082 le
723 2047 928 2082 contenu
956 2041 1012 2082 de
1041 2054 1115 2082 ses
1143 2054 1334 2082 sources
1363 2047 1408 2083 et
1424 2041 1465 2083 le
1482 2041 1710 2096 pretendu

219 2136 365 2180 usage
407 2121 515 2178 qu'il
558 2122 705 2164 aurait
735 2123 816 2165 fait
847 2124 904 2166 de
937 2123 1154 2175 celles-ci,
1189 2137 1370 2165 comme
1402 2123 1433 2165 il
1465 2138 1492 2165 a
1522 2123 1709 2166 invente

218 2210 324 2247 tous
355 2206 423 2248 les
457 2212 618 2248 contes
652 2206 1092 2258 invraisemblables,
1126 2207 1435 2262 paradoxaux,
1465 2206 1709 2249 de'risoires

219 2287 297 2344 qui
329 2289 623 2345 remplissent
650 2303 724 2331 ses
758 2289 878 2332 seize
911 2289 1047 2331 livres
1081 2289 1378 2331 d‘Annales.'’

881 2490 1047 2532 XXIV.

279 2630 568 2674 Christianos
601 2646 683 2673 cur
713 2631 943 2687 persecuti
977 2631 1067 2674 sint
1094 2631 1290 2674 Romani
1317 2646 1411 2674 non
1442 2632 1550 2674 satis
1569 2633 1708 2689 expli-

221 2709 351 2745 catur
393 2716 449 2745 eo
493 2703 618 2758 quod
661 2704 853 2745 deorum
886 2704 1201 2745 Romanorum
1235 2704 1407 2745 cultum
1442 2711 1710 2747 constanter

221 2786 515 2840 spernebant.
