1955 3157
964 253 1015 293 18

252 380 528 434 Doeringius,
588 380 958 434 Dillenburgerus,
1019 381 1216 431 Orellius,
1267 381 1607 436 Peerlkampius,
1657 383 1742 424 alii.

311 457 401 498 Alii
428 458 560 499 etiam
587 457 858 498 contendunt
884 471 1032 498 versus
1055 472 1286 512 perperam
1305 459 1482 512 quidem
1500 473 1594 500 esse
1611 459 1744 501 collo-

251 541 373 576 catos
401 535 486 576 hoc
512 534 608 575 loco
637 541 681 576 et
708 535 849 575 minus
877 535 1059 575 idoneos
1081 548 1187 585 esse,
1208 535 1284 576 sed
1302 536 1358 576 ibi
1377 537 1667 589 permansisse
1685 551 1743 578 ex

250 612 510 666 antiquiore,
540 619 587 653 ut
613 612 776 665 dicunt,
805 612 1009 663 editione,
1034 625 1132 652 curn
1151 612 1235 653 hoc
1252 626 1426 653 carmen
1443 613 1587 654 solum
1605 620 1742 656 staret

252 689 445 730 nondum
467 689 647 730 adiectis
666 702 745 729 nec
762 689 968 743 proemiis
986 703 1065 730 nec
1081 690 1235 730 ceteris
1254 690 1444 743 quinque
1462 690 1743 743 carminibus,

251 780 363 820 quae
380 768 490 807 odae
508 767 736 807 Romanae
753 766 885 807 hodie
898 772 1122 807 vocantur.
1142 766 1290 808 Habet
1307 767 1421 807 enim
1436 767 1696 808 Karstenius
1711 771 1741 821 1)

251 844 382 884 haec:
418 844 630 892 „extremi
658 857 806 884 versus
834 845 1070 885 ostendunt
1097 844 1330 885 Horatium
1355 857 1440 884 non
1459 845 1601 884 minus
1617 858 1742 885 suam

251 935 382 974 quam
429 921 612 961 aliorum
660 921 976 962 institutionem
1024 927 1246 975 spectasse
1292 927 1335 962 et
1381 921 1739 972 consolationem,

250 1011 391 1050 neque
423 1004 571 1038 tamen
598 998 679 1038 hos
706 1011 855 1039 versus
883 998 926 1038 in
952 997 1149 1038 sollemni
1176 1011 1412 1051 puerorum
1439 1004 1483 1038 et
1499 997 1742 1051 puellarum

249 1074 510 1116 allocutione
558 1076 700 1116 minus
746 1075 928 1116 idoneos
975 1076 1237 1116 resecandos
1284 1088 1379 1116 esse
1420 1076 1601 1126 censuit,
1643 1089 1741 1116 cum

249 1152 375 1192 odam
407 1152 558 1192 ceteris
587 1151 869 1193 adnecteret.'’

309 1229 453 1283 Quam
514 1230 774 1270 annectendi
823 1230 1037 1270 rationem
1086 1230 1191 1270 mihi
1240 1243 1516 1283 nequaquam
1564 1230 1740 1284 probari

249 1314 403 1361 postea
449 1308 691 1361 apparebit.
740 1306 814 1347 Ad
863 1321 973 1360 opus
1020 1307 1243 1348 resecandi
1290 1307 1409 1360 quod
1451 1308 1622 1356 attinet,
1665 1320 1741 1348 eos

249 1398 524 1438 nequaquam
557 1384 818 1425 resecandos
849 1384 980 1425 fuisse
1011 1398 1180 1434 censeo,
1209 1385 1378 1425 etiamsi
1406 1398 1598 1439 unquam
1620 1385 1741 1438 quic-

248 1475 379 1515 quam
412 1469 543 1515 poeta
574 1462 617 1502 in
650 1462 716 1502 his
749 1462 1012 1503 carminibus
1044 1462 1299 1503 resecuisset
1316 1462 1361 1514 2>.

307 1539 430 1580 Haec
471 1545 617 1580 autern
659 1539 714 1579 ad
756 1539 1077 1580 defendendum
1114 1539 1348 1580 Horatium
1382 1539 1433 1592 (si
1466 1539 1541 1580 tali
1574 1540 1739 1593 indiget

247 1616 427 1669 auxilio>
470 1616 622 1657 afferre
663 1616 816 1656 velim:
861 1617 996 1658 Poeta
1038 1617 1099 1657 rei
1141 1630 1309 1657 memor
1347 1630 1459 1670 quae
1490 1617 1740 1658 enuntiatur

247 1694 479 1748 proverbio
510 1694 666 1735 aetatis
699 1694 975 1734 recentioris:
1005 1693 1168 1743 „verba
1196 1694 1354 1735 docent
1382 1692 1498 1734 facta
1514 1694 1736 1745 trahunt'',

247 1771 350 1824 ipsis
398 1771 543 1824 pueris
590 1770 830 1824 puellisque
868 1771 995 1824 facto
1041 1772 1234 1825 quodam
1281 1772 1544 1825 persuadere
1586 1771 1739 1813 maluit

247 1860 379 1900 quam
410 1847 555 1888 verbis
585 1854 756 1889 tantum
789 1862 863 1888 eos
895 1849 1133 1890 exhortari.

307 1924 422 1966 Satis
450 1925 565 1964 enim
588 1931 760 1966 constat
777 1926 952 1966 iuvenes
970 1925 1102 1967 talem
1121 1925 1293 1979 qualem
1312 1925 1381 1966 hic
1399 1926 1453 1966 de
1470 1926 1738 1968 continentia

247 2003 380 2043 tradit
413 2001 656 2043 doctrinam
690 2015 777 2042 non
808 2003 889 2043 nisi
922 2002 1050 2043 valde
1081 2003 1331 2044 dubitanter
1357 2003 1556 2056 accipere
1582 2001 1735 2043 solere.

248 2078 359 2119 Eam
393 2079 586 2132 plerique
619 2080 758 2133 magis
786 2086 934 2133 aptam
963 2081 1019 2120 ad
1047 2080 1336 2120 consolandos
1363 2093 1578 2133 pauperes
1604 2093 1735 2133 quam

246 2156 302 2196 ad
343 2156 662 2197 convertendos
704 2157 861 2198 divites
902 2158 1168 2200 existimant.
1203 2156 1439 2211 Quomodo
1470 2157 1613 2210 igitur,
1648 2169 1735 2196 non

246 2233 389 2273 dicam
416 2232 669 2287 elegantius,
687 2234 765 2274 sed
784 2234 948 2274 firmius
965 2234 1265 2276 confirmasset
1283 2233 1576 2275 hortationem
1595 2246 1734 2282 suam,

247 2324 377 2363 quarn
405 2311 471 2350 his
499 2310 772 2352 confirmavit
799 2311 1047 2352 versiculis?
1071 2312 1211 2353 Probe
1228 2311 1462 2352 lectoribus
1479 2323 1733 2363 persuasum

246 2400 340 2427 esse
387 2387 553 2428 sciebat
597 2412 647 2417 ——
683 2394 759 2428 aut
790 2389 994 2442 cupiebat
1025 2413 1080 2418 —-
1113 2402 1159 2429 se
1192 2394 1344 2442 utpote
1376 2394 1419 2428 et
1451 2388 1658 2441 principis
1690 2393 1735 2428 et

247 2464 611 2504 nobilissimorum
653 2466 810 2506 aetatis
842 2479 946 2506 suae
977 2466 1169 2506 virorum
1202 2466 1390 2506 amicum
1421 2464 1730 2517 gratissimum,

246 2539 369 2580 facile
402 2540 587 2589 „vallem
620 2540 858 2582 Sabinam”
894 2541 1109 2591 „divitiis”
1144 2548 1393 2595 permutare
1425 2541 1632 2594 potuisse.

305 2617 403 2657 Hoc
435 2630 521 2658 non
555 2618 696 2659 minus
724 2632 875 2659 verum
903 2632 996 2659 esse
1023 2624 1208 2668 constat,
1236 2618 1405 2659 etiamsi
1434 2617 1731 2671 Epistularum

298 2781 329 2824 1)
355 2779 411 2815 Cf.
439 2781 488 2815 l.l.
513 2791 598 2825 pag.
628 2790 704 2825 133.

293 2857 328 2899 2)
354 2856 418 2891 i.e.
444 2862 643 2902 postquam
669 2858 832 2903 primum
857 2869 901 2893 ea
927 2858 1053 2893 edidit.
