1955 3157
941 229 971 268 4

274 347 521 400 Porphyrio
564 346 722 400 aliique
755 347 877 387 multi
911 347 966 388 ad
999 348 1190 389 litteram
1223 354 1381 401 poetae
1414 348 1550 389 verba
1582 349 1706 389 intel-

213 422 407 477 legentes
441 424 694 473 „Musarum
728 425 962 478 profanos''
997 425 1231 478 significari
1265 426 1315 465 iis
1349 425 1511 467 volunt.

274 500 439 541 Lucide
457 507 602 541 autem
621 501 919 542 Mommsenus
933 515 1091 542 novam
1104 502 1432 556 generationem
1446 503 1558 543 vitiis
1573 503 1708 544 intac-

215 584 317 626 tam,
345 591 424 631 spe
450 592 628 632 prorsus
655 578 828 631 plenam
857 579 1036 620 indicari
1055 580 1202 621 docuit
1221 579 1267 633 1).
1288 580 1360 620 Fr.
1379 579 1643 634 Kreppelius
1660 580 1705 634 2),

216 655 288 707 qui
319 656 467 695 omnia
494 655 582 696 fere
609 662 652 696 et
679 656 848 709 singula
866 669 977 709 quae
995 657 1132 697 tribus
1149 657 1366 710 prioribus
1383 657 1478 697 odis
1496 657 1708 698 Romanis

215 732 503 782 continentur,
534 733 858 773 accuratissime
887 733 1130 786 perpendit,
1161 734 1512 787 reprehensionis
1529 748 1707 776 causam

214 808 284 848 hic
316 822 490 863 quoque
522 809 699 850 invenit.

274 886 533 927 Karstenius
551 887 582 938 3)
641 899 739 927 cum
798 886 1074 927 Mommseno
1129 887 1291 927 faciens
1337 887 1418 941 ipsi
1466 888 1706 942 Kreppelio

215 963 393 1003 modum
441 964 654 1004 excedere
702 963 873 1004 videtur
920 963 1196 1005 excludendo
1246 963 1475 1013 „adultos”
1519 979 1706 1019 quorum

213 1040 345 1080 animi
381 1040 610 1089 „obdurati
643 1047 768 1081 erant
800 1054 877 1093 per
909 1054 1040 1081 saeva
1065 1040 1310 1094 tempora'’.
1339 1065 1396 1071 —
1423 1040 1705 1096 Quamquam

214 1131 490 1171 nequaquam
537 1117 742 1170 intellego
790 1131 876 1170 qua
923 1119 1091 1159 ratione
1136 1119 1248 1159 inter
1292 1132 1338 1159 se
1380 1118 1582 1160 differant
1615 1120 1706 1173 ipse

215 1194 476 1248 Kreppelius
508 1201 553 1236 et
585 1195 654 1236 alii
687 1196 851 1237 laudati
884 1197 1131 1250 scriptores.

273 1271 518 1314 Schefferus
557 1274 599 1313 in
631 1273 768 1314 altera
801 1274 992 1315 editione
1025 1274 1237 1315 notissimi
1272 1273 1512 1315 Gebhardii
1544 1273 1641 1314 libri
1659 1271 1706 1326 4),

214 1349 515 1390 Doerwaldius
551 1351 593 1403 5),
663 1351 1014 1404 recentioresque
1075 1351 1165 1392 fere
1226 1364 1378 1391 omnes
1441 1351 1545 1391 item
1606 1364 1705 1391 cum

213 1427 489 1468 Mommseno
522 1427 697 1470 faciunt.
731 1427 952 1481 Seligerus
970 1426 1014 1482 ⁶),
1049 1442 1178 1482 quem
1210 1429 1382 1482 saepius
1415 1427 1525 1468 infra
1557 1427 1705 1468 lauda-

213 1503 368 1553 bimus,
405 1505 656 1557 opinionem
688 1505 880 1558 protulit‚
916 1518 1027 1558 quae
1060 1505 1237 1559 paulum
1270 1512 1441 1546 tantum
1474 1504 1617 1545 differt
1648 1505 1705 1544 ab

213 1581 416 1634 opinione
434 1582 672 1635 antiquitus
689 1582 862 1623 tradita.
882 1583 948 1624 Ita
967 1583 1057 1636 ipse
1075 1583 1280 1623 convenit
1296 1596 1395 1623 cum
1413 1582 1703 1630 Mommseno,

213 1666 260 1699 ut
292 1659 534 1712 prophetae
566 1666 714 1713 partes
745 1660 911 1701 tribuat
943 1659 1144 1710 Horatio,
1173 1660 1245 1713 qui
1276 1673 1350 1700 eos
1377 1660 1518 1700 solum
1536 1664 1705 1712 spectet

213 1735 466 1785 vaticinans,
515 1749 540 1776 a
587 1737 743 1790 quibus
789 1750 876 1777 non
919 1743 1090 1778 tantum
1129 1736 1260 1777 fidem
1294 1743 1336 1778 et
1368 1749 1592 1777 assensum
1627 1735 1703 1776 sed

202 1812 332 1865 facta
374 1813 649 1866 potissimum
687 1819 936 1867 exspectet:
974 1814 1101 1862 „Wie
1133 1814 1247 1854 Rom
1282 1820 1389 1855 stets
1421 1814 1517 1854 eine
1550 1813 1704 1853 aristo-

212 1890 427 1930 cratische
473 1889 694 1944 Republik
740 1903 941 1943 gewesen
983 1904 1084 1939 war,
1128 1904 1177 1930 so
1219 1890 1390 1931 blieben
1433 1889 1544 1930 auch
1578 1894 1705 1930 unter

213 1966 440 2020 Augustus
474 1967 543 2007 die
574 1967 822 2020 Mitglieder
849 1967 926 2008 der
954 1967 1080 2008 edlen
1108 1967 1423 2008 Geschlechter
1447 1967 1515 2007 die
1535 1966 1703 2020 Trager

263 2126 296 2167 1)
321 2125 416 2160 Vide
442 2125 538 2160 infra
564 2126 602 2160 in
628 2126 870 2160 annotatione
897 2136 917 2160 2
943 2137 1026 2171 pag.
1057 2134 1087 2171 5.

261 2204 297 2246 2)
322 2204 398 2237 Der
423 2203 561 2247 Cyclus
584 2203 651 2237 der
673 2203 925 2237 Horazischen
948 2203 1196 2237 Romeroden.
1213 2203 1433 2247 Programm
1447 2202 1513 2236 des
1526 2203 1570 2236 K.
1587 2202 1704 2236 Hum.

213 2261 481 2306 Gymnasiums
506 2263 817 2297 Kaiserslautern.
847 2272 1087 2308 1903—1904.

260 2344 296 2386 3)
321 2344 564 2388 Mnemosyne
583 2345 722 2385 XXVI,
736 2355 771 2389 p.
790 2352 852 2389 125
869 2355 949 2389 sqq.
967 2345 1045 2378 »De
1061 2345 1209 2379 Horatii
1223 2344 1315 2379 Odis
1329 2344 1377 2379 ad
1394 2346 1488 2379 Rem
1504 2344 1699 2378 Publicam

213 2408 249 2436 et
274 2402 320 2436 ad
348 2403 549 2437 Caesarem
574 2403 881 2449 pertinentibus''.

260 2479 296 2522 4)
321 2480 598 2514 Aesthetischer
624 2480 867 2514 Commentar
893 2492 934 2514 zu
961 2480 1034 2515 den
1058 2480 1298 2525 Dichtungen
1320 2480 1386 2515 des
1409 2481 1543 2515 Horaz.
1565 2479 1701 2514 Pader-

212 2537 307 2571 born
336 2547 436 2582 1902.

262 2617 296 2658 5)
323 2614 393 2648 Die
418 2616 654 2650 Romeroden
680 2616 746 2651 des
771 2617 905 2652 Horaz.
932 2636 976 2642 —
999 2617 1241 2663 Lehrproben
1263 2616 1340 2651 und
1362 2616 1582 2661 Lehrgange
1600 2624 1702 2661 1905,

214 2681 234 2716 3
261 2672 362 2709 Heft.

259 2748 297 2793 6)
322 2749 501 2784 Fleckeis.
536 2751 771 2795 Jahrbucher
813 2752 912 2796 1890,
952 2763 987 2798 p.
1023 2761 1103 2796 301.
1138 2752 1208 2786 Die
1233 2756 1355 2786 ersten
1383 2751 1490 2786 sechs
1515 2751 1621 2786 Oden
1648 2751 1698 2786 im

212 2807 350 2842 dritten
377 2809 503 2843 Buche
529 2809 594 2844 des
623 2811 756 2845 Horaz.
