1955 3157
919 189 947 229 6

237 319 303 361 At
334 320 388 360 de
421 320 576 361 eadem
609 320 792 374 stropha
819 321 957 362 altera
983 321 1121 362 oritur
1148 320 1360 375 quaestio.
1389 320 1508 361 Luce
1525 319 1676 373 utique

179 397 334 438 clarius
367 404 434 439 est
464 397 695 451 unicuique
728 399 913 451 proemii
945 398 1079 440 instar
1105 411 1202 438 eam
1232 411 1339 438 esse.
1358 396 1510 450 Aliqui
1528 402 1677 438 autem

179 475 258 516 viri
316 475 434 517 docti
491 489 590 516 earn
643 482 853 528 tanquam
911 476 1080 530 insigne
1131 476 1312 517 effatum
1360 475 1563 516 omnibus
1610 474 1676 515 his

179 553 460 605 carminibus,
492 554 638 594 nescio
671 566 757 606 qua
789 553 968 603 ratione,
1004 553 1226 607 praemitti
1257 558 1531 593 censuerunt.

239 629 392 683 Atque
423 629 586 683 triplex
613 629 725 670 adeo
752 629 1061 683 distinguenda
1087 637 1154 672 est
1181 631 1411 672 sententia.
1429 629 1677 670 Pertinetne

181 707 237 747 ad
270 707 459 761 primum
492 720 669 747 carmen
702 713 887 757 tantum,
921 720 976 747 an
1009 707 1065 747 ad
1098 720 1178 748 sex
1205 706 1328 748 Odas
1355 707 1592 756 Romanas,
1622 719 1678 747 an

181 783 237 824 ad
270 785 489 838 integrum
522 784 704 824 Librum
739 784 966 826 Tertium?
999 785 1063 826 Ut
1091 785 1172 826 rite
1200 784 1439 825 iudicemus
1466 784 1521 824 de
1547 783 1679 824 variis

181 861 264 901 hac
310 861 354 901 in
396 874 440 901 re
483 862 775 915 opinionibus,
820 862 1110 916 spectandum
1143 863 1321 902 omnino
1354 861 1540 912 videtur,
1573 860 1678 913 quid

181 978 248 1013 der
285 978 497 1012 romischen
535 979 692 1013 Dichter
732 979 825 1013 uber
864 979 945 1014 ihre
978 979 1198 1023 Begabung,
1224 979 1332 1013 ihren
1357 977 1476 1013 Beruf
1496 977 1574 1012 und
1599 978 1680 1012 ihre

182 1037 345 1072 Werke''
372 1038 575 1082 Nurnberg
603 1048 691 1083 1903
725 1058 764 1062 —
791 1050 953 1084 quorum
974 1039 1176 1073 nonnullos
1198 1039 1249 1073 rei
1272 1037 1553 1073 confirmandae
1566 1048 1680 1072 causa

181 1096 314 1131 afferre
341 1096 456 1131 lubet.
484 1097 653 1131 Primum
681 1097 794 1132 fuisse
820 1098 1027 1142 Vergilium
1054 1098 1162 1132 nobis
1188 1103 1320 1132 auctor
1344 1104 1401 1132 est
1425 1098 1460 1131 d.
1477 1109 1531 1131 v.:
1555 1097 1621 1131 Ge.
1645 1097 1679 1131 II

181 1165 249 1200 475
277 1168 377 1202 sqq‚:
406 1157 488 1191 »Me
516 1168 604 1191 vero
631 1158 797 1202 primum
823 1158 953 1193 dulces
978 1164 1066 1192 ante
1087 1158 1214 1192 omnia
1235 1159 1378 1199 Musae,
1398 1168 1560 1203 quarum
1574 1167 1681 1191 sacra

183 1215 261 1250 fero
287 1216 429 1260 ingenti
454 1227 653 1262 percussus
679 1228 818 1252 amore.
846 1218 914 1242 —”

230 1275 340 1310 Ovid.
367 1286 411 1310 ex
438 1276 474 1309 P.
504 1276 530 1310 I.
562 1285 591 1317 1,
616 1285 679 1319 47:
711 1277 857 1311 »locum
883 1277 972 1311 date
997 1288 1104 1312 sacra
1131 1276 1300 1312 ferenti.''

230 1335 336 1369 Idem
351 1336 434 1369 Am.
452 1335 515 1368 111.
532 1335 565 1377 8,
579 1345 639 1379 23:
661 1336 746 1370 >ille
760 1348 829 1380 ego
843 1338 1039 1371 Musarum
1053 1348 1169 1382 purus
1183 1336 1401 1381 Phoebique
1414 1335 1589 1370 sacerdos
1604 1362 1612 1370 .
1628 1361 1636 1370 .
1648 1335 1680 1369 .''

232 1394 337 1429 Idem
362 1395 424 1429 Tr.
454 1395 518 1429 III.
546 1404 578 1439 2,
605 1404 624 1439 3
652 1406 727 1441 sq.:
756 1407 846 1430 »nec
874 1407 953 1439 vos,
974 1396 1151 1439 Pierides,
1171 1407 1239 1430 nec
1261 1396 1373 1441 stirps
1394 1396 1534 1437 Letoia,
1555 1401 1681 1430 vestro

754 1455 866 1490 docta
893 1456 1079 1490 sacerdoti
1105 1456 1218 1490 turba
1242 1455 1380 1490 tulistis
1404 1455 1550 1501 opem.''

231 1513 308 1548 Ibis
333 1522 398 1559 97:
428 1524 629 1559 »peragam
655 1521 738 1549 rata
764 1521 852 1549 vota
878 1516 1064 1558 sacerdos,

422 1573 591 1618 quisquis
616 1574 707 1609 ades
732 1575 848 1609 sacris
873 1586 937 1610 ore
963 1575 1087 1610 favete
1112 1575 1239 1610 meis.”

233 1632 344 1666 Ovid.
368 1633 430 1668 Tr.
454 1633 517 1666 IV.
545 1643 599 1677 10,
624 1643 666 1678 19
680 1644 752 1679 sq.:
770 1640 829 1668 »at
843 1634 935 1669 mibi
950 1635 1024 1669 iam
1039 1646 1156 1680 puero
1171 1634 1346 1669 caelestia
1360 1644 1466 1668 sacra
1481 1633 1683 1679 placebant

785 1694 899 1739 inque
925 1705 1034 1728 suum
1062 1693 1191 1728 furtim
1217 1694 1326 1728 Musa
1352 1693 1527 1728 trahebat
1553 1692 1681 1738 opus-’⁹

234 1752 328 1786 Item
353 1751 400 1786 cf.
426 1753 489 1786 Tr.
516 1753 582 1787 III.
609 1761 642 1794 7,
669 1762 709 1796 31
740 1764 842 1798 sqq.;
864 1764 907 1787 ex
922 1754 959 1787 P.
978 1754 1041 1788 IV.
1060 1763 1113 1797 13,
1127 1763 1172 1797 43
1188 1764 1288 1798 sqq.;
1303 1764 1346 1787 ex
1362 1754 1400 1787 P.
1416 1753 1462 1787 ΙΙ.
1481 1762 1534 1795 10,
1552 1760 1591 1794 17
1607 1762 1682 1800 sq.;

185 1812 248 1846 Tr.
277 1812 340 1846 IV.
371 1821 401 1853 1,
427 1820 470 1854 27
498 1822 573 1856 sq.;
598 1813 684 1847 Am.
712 1813 738 1847 I.
769 1822 798 1856 1,
825 1812 866 1855 63
893 1823 937 1846 ex
964 1813 1003 1847 P.
1030 1813 1075 1847 ΙΙ.
1101 1823 1136 1857 9,
1161 1812 1218 1855 64.
1244 1832 1291 1838 --

234 1871 360 1906 Germ.
388 1872 494 1906 Arat.
520 1872 574 1915 (P.
601 1872 641 1906 L.
667 1873 717 1906 M.
743 1872 771 1908 Ι.
803 1874 860 1916 10)
886 1881 924 1916 3:
954 1878 1010 1906 »te
1038 1883 1195 1906 veneror
1220 1872 1288 1906 tibi
1314 1882 1421 1906 sacra
1446 1870 1525 1905 fero

947 1931 1123 1977 doctique
1149 1931 1289 1965 laboris
1315 1930 1533 1976 primitias.”

234 1992 343 2036 Prop.
379 1991 444 2025 III.
485 2000 515 2032 1,
541 2000 560 2034 3
588 2001 662 2035 sq.:
691 1990 856 2035 »primus
881 2001 950 2035 ego
976 1991 1164 2035 ingredior
1189 2001 1284 2035 puro
1309 1990 1357 2024 de
1382 1990 1484 2024 fonte
1509 1989 1684 2024 sacerdos

687 2049 783 2083 Itala
809 2060 875 2095 per
901 2049 1036 2084 Graios
1061 2050 1166 2094 orgia
1191 2049 1286 2084 ferre
1312 2050 1481 2084 choros.”

238 2110 341 2144 Idem
368 2116 452 2155 post
478 2120 630 2144 versum
657 2120 770 2155 supra
792 2109 951 2144 allatum
974 2109 1178 2144 sacerdotis
1199 2121 1336 2144 munus
1358 2109 1465 2155 quasi
1479 2109 1685 2155 depingens

188 2169 239 2203 sic
265 2169 522 2214 prosequitur:

380 2260 448 2278 »—
476 2252 512 2280 et
539 2246 651 2280 cadat
676 2251 763 2280 ante
789 2256 893 2280 meos
918 2246 992 2280 icta
1018 2246 1176 2280 iuvenca
1201 2245 1315 2280 focos.

383 2306 539 2340 Costum
565 2305 679 2339 molle
705 2305 793 2339 date
818 2311 854 2339 et
880 2305 1010 2340 blandi
1035 2305 1128 2339 mihi
1154 2305 1247 2339 turis
1271 2306 1432 2340 honores

381 2370 511 2410 terque
538 2364 663 2399 focum
691 2365 791 2399 circa
816 2365 947 2399 laneus
972 2365 1074 2399 orbis
1099 2371 1170 2399 eat.

381 2424 554 2469 Spargite
580 2435 640 2458 me
666 2424 843 2469 lymphis,
868 2434 1096 2469 carmenque
1120 2423 1333 2458 recentibus
1358 2424 1432 2458 aris

380 2483 473 2516 tibia
499 2483 712 2527 Mygdoniis
739 2483 829 2517 libet
855 2484 999 2517 eburna
1024 2483 1139 2518 cadis.

381 2543 435 2576 Ite
461 2543 592 2587 procul
618 2542 783 2587 fraudes,
810 2543 884 2576 alio
910 2543 984 2577 sint
1009 2554 1094 2577 aere
1120 2553 1252 2583 noxae,

381 2612 476 2646 pura
501 2612 643 2635 novum
671 2602 747 2636 vati
773 2602 902 2636 laurea
927 2602 1050 2636 mollit
1075 2601 1180 2636 iter.’'

240 2684 344 2718 Idem
370 2685 417 2718 II.
448 2695 477 2726 1,
510 2694 546 2718 1:
575 2685 775 2730 »Quisquis
799 2685 906 2719 adest
931 2684 1091 2719 faveat.'’

238 2743 322 2778 Tib.
351 2744 394 2777 ΙΙ.
422 2753 454 2784 2,
483 2753 523 2777 2;
551 2743 729 2788 Quisquis
755 2744 845 2778 ades
870 2744 999 2788 lingua
1025 2743 1082 2777 vir
1107 2743 1316 2788 mulierque
1342 2742 1461 2778 fave.”

240 2803 344 2836 Haec
371 2802 565 2836 sufficiant.
