1955 3157
939 237 1015 281 105

239 361 315 403 der
361 361 520 403 letzten
564 360 757 415 Strophe
798 361 892 415 gibt
934 374 980 401 er
1012 359 1177 400 ehrlich
1210 373 1274 408 zu,
1308 359 1410 400 dasz
1442 373 1543 399 man
1577 359 1726 413 fragen

238 439 406 481 werde:
455 439 534 492 „Ja
580 452 648 480 wo
695 439 750 480 ist
791 437 904 478 denn
947 437 1003 478 da
1044 450 1174 477 unser
1215 436 1325 478 alter
1366 436 1632 478 Horatius?''
1674 461 1727 465 ψ

238 515 502 570 Sequuntur,
536 516 739 557 nimirum
771 515 916 569 aliqua
947 513 1151 568 exempla
1182 513 1380 554 Pindari!

299 593 429 643 „Non
458 593 599 634 male”
628 593 746 634 dicat
762 593 991 647 quispiam.
1011 592 1326 633 Verumtamen
1344 597 1486 632 totum
1503 591 1727 632 inventum

237 676 545 723 praeterquam
576 670 696 724 quod
728 670 819 710 sine
851 668 938 710 ullo
971 675 1231 723 argumento
1258 667 1497 709 affirmatur
1523 668 1614 708 veri
1640 681 1728 708 non

237 747 477 788 admodum
523 746 695 788 videtur
742 746 848 787 mihi
891 746 1041 786 simile.
1075 745 1284 786 Horatius
1316 745 1431 785 enim
1464 758 1551 785 non
1583 745 1618 785 is
1649 744 1728 785 fuit

237 825 310 879 qui
354 825 513 865 frustra
554 823 717 878 aliquid
750 823 983 877 prohibere
1015 823 1144 865 vellet
1176 823 1294 876 quod
1327 821 1581 862 iamdudum
1614 828 1729 863 esset

238 902 413 944 factum.
457 902 572 942 Nam
614 902 782 955 optime
823 901 1131 955 distinguenda
1172 906 1238 942 est
1280 899 1492 941 Iurenkae
1524 899 1671 953 opinio
1703 913 1729 940 a

236 979 512 1028 Mommseni,
554 992 686 1032 quam
728 992 904 1032 prorsus
937 978 1096 1020 reiecit.
1130 978 1232 1018 Non
1263 978 1407 1031 agitur
1440 977 1494 1017 de
1525 977 1728 1017 transmi-

236 1056 449 1110 gratione,
483 1069 570 1096 non
602 1055 656 1096 de
689 1055 792 1096 sede
824 1055 992 1109 imperii
1026 1055 1248 1104 mutanda,
1276 1055 1354 1095 sed
1381 1054 1436 1094 de
1453 1053 1729 1107 reparatione

237 1133 377 1174 solum
410 1133 576 1186 oppidi.
609 1132 750 1187 Atqui
782 1132 960 1173 Novum
993 1132 1101 1172 Ilion
1129 1145 1216 1171 non
1244 1130 1384 1171 solum
1412 1130 1634 1182 exstabat,
1652 1130 1728 1170 sed

237 1210 307 1263 pie
339 1209 564 1250 colebatur
595 1223 621 1250 a
654 1208 841 1250 Caesare
873 1215 916 1250 et
949 1209 1006 1250 ab
1037 1209 1130 1249 aliis
1157 1208 1330 1250 familiis
1357 1208 1574 1262 Troianis,
1601 1221 1727 1262 quae,

236 1287 367 1327 Dion.
411 1286 512 1327 Hal.
555 1292 667 1327 teste
686 1285 716 1339 1)
759 1286 1077 1341 quinquaginta
1115 1299 1298 1326 numero
1328 1290 1595 1339 supererant.
1631 1283 1729 1337 Qua

237 1366 292 1405 de
328 1378 460 1405 causa
492 1364 551 1404 nil
583 1378 692 1418 opus
725 1371 791 1405 est
823 1369 869 1405 ut
901 1363 1130 1405 credamus
1162 1363 1388 1404 Iurenkae.
1421 1363 1578 1416 Neque
1609 1360 1728 1416 quod

237 1443 393 1484 attinet
425 1442 482 1482 ad
514 1442 711 1483 ultimam
739 1442 966 1496 stropham
995 1442 1151 1482 faciam
1179 1455 1278 1481 cum
1296 1454 1348 1481 eo
1366 1440 1563 1481 libenter.
1583 1440 1729 1480 Nimia

237 1533 307 1560 me
354 1519 494 1560 iudice
542 1519 718 1560 levitate
759 1525 804 1560 et
846 1519 1053 1560 facilitate
1095 1519 1406 1572 interpretatus
1447 1523 1513 1559 est
1545 1517 1728 1558 subinde

236 1597 344 1638 haec
375 1602 595 1651 poemata.

355 1715 397 1756 d.
431 1714 669 1768 Scrz'ptorz‘s
700 1714 925 1755 sententia.

297 1799 373 1840 Uti
405 1798 578 1852 saepius
611 1799 696 1839 iam
729 1798 974 1838 monuimus
1007 1798 1098 1851 ipse
1132 1797 1342 1838 Horatius
1370 1797 1577 1839 indicavit
1603 1811 1728 1838 suum

237 1876 510 1929 propositum
555 1889 632 1929 per
663 1875 773 1915 haec
803 1875 957 1915 verba:
993 1874 1258 1928 „virginibus
1291 1875 1522 1928 puerisque
1555 1873 1728 1915 canto''.

237 1953 326 1994 Ubi
350 1953 481 2006 igitur
502 1953 617 1993 clare
634 1953 908 2006 propositum
926 1952 1009 1992 hoc
1026 1952 1302 2006 persequitur
1320 1958 1463 2006 poeta,
1483 1966 1536 1993 eo
1554 1965 1728 2006 quoque

236 2044 364 2070 sensu
397 2030 736 2084 intellegendum
769 2036 835 2071 est
866 2043 1056 2071 carmen.
1089 2029 1228 2083 Atqui
1263 2054 1316 2058 —
1345 2043 1445 2070 nam
1474 2029 1599 2069 exiis
1615 2043 1730 2083 quae

237 2107 505 2160 praecedunt
532 2107 617 2147 iam
645 2107 749 2147 satis
767 2112 950 2160 apparet
967 2106 1072 2160 quid
1089 2106 1340 2155 sentiamus,
1359 2106 1564 2160 satisque,
1583 2105 1728 2158 credo,

237 2197 289 2224 ea
315 2184 582 2238 argumentis
610 2184 1006 2225 demonstravimus
1026 2208 1078 2212 -—
1097 2183 1179 2224 hac
1196 2183 1282 2224 oda
1297 2183 1428 2225 tertia
1443 2183 1570 2224 sicuti
1589 2184 1730 2236 prima

237 2267 281 2302 et
312 2261 449 2302 altera
482 2274 652 2301 monere
682 2267 723 2300 et
752 2261 898 2301 docere
925 2259 1018 2302 vult
1044 2261 1266 2302 Horatius.
1295 2260 1417 2314 Ergo
1444 2260 1502 2300 ob
1519 2260 1668 2300 oculos
1685 2260 1728 2300 id

237 2338 488 2379 habendum
522 2344 588 2378 est
618 2338 661 2378 in
689 2337 994 2391 explicatione.
1023 2337 1140 2392 Quid
1168 2338 1298 2391 igitur
1324 2338 1379 2378 de
1396 2343 1492 2378 toto
1509 2337 1729 2378 carmine?

238 2416 306 2456 De
348 2415 487 2468 prima
519 2421 644 2468 parte
677 2415 770 2455 fuse
800 2415 887 2456 iam
920 2415 1124 2457 diximus.
1159 2415 1315 2456 Altera
1346 2428 1451 2455 vero
1485 2421 1550 2456 est
1583 2415 1728 2456 fabula

237 2492 448 2541 subnexa,
492 2491 813 2546 elegantissime
855 2492 1092 2540 enuntiata,
1123 2506 1235 2547 quae
1266 2492 1394 2533 simul
1426 2493 1727 2533 Romanorum

238 2570 467 2623 originem,
499 2569 705 2623 urbisque
732 2570 901 2610 Romae
928 2569 1120 2610 celebrat
1145 2569 1342 2623 gloriam.
1372 2569 1563 2623 Singulis
1580 2576 1727 2610 autem

237 2646 395 2701 longae
441 2647 650 2688 orationis
697 2647 892 2701 partibus
940 2653 1102 2688 tectam
1149 2647 1325 2688 subesse
1365 2647 1727 2701 significationem

238 2737 514 2778 nequaquam
556 2730 623 2765 est
664 2723 904 2777 probabile.
949 2723 998 2764 Id
1040 2737 1181 2777 neque
1223 2724 1266 2764 in
1307 2724 1603 2778 compluribus
1635 2724 1728 2765 aliis

290 2841 323 2884 ι)
348 2839 404 2875 Cf.
431 2840 480 2875 ib.
507 2842 538 2885 1,
562 2841 618 2885 85-
