<?xml version="1.0" encoding="UTF-8"?>
<!DOCTYPE html PUBLIC "-//W3C//DTD XHTML 1.0 Transitional//EN"
    "http://www.w3.org/TR/xhtml1/DTD/xhtml1-transitional.dtd">
<html xmlns="http://www.w3.org/1999/xhtml" xml:lang="en" lang="en">
 <head>
  <title>
</title>
<meta http-equiv="Content-Type" content="text/html;charset=utf-8" />
  <meta name='ocr-system' content='tesseract 3.04.00' />
  <meta name='ocr-capabilities' content='ocr_page ocr_carea ocr_par ocr_line ocrx_word'/>
</head>
<body>
  <div class='ocr_page' id='page_1' title='image "./disputatiocritic00slijuoft_0076.png"; bbox 0 0 1955 3157; ppageno 0'>
   <div class='ocr_carea' id='block_1_1' title="bbox 983 249 1041 300">
    <p class='ocr_par' dir='ltr' id='par_1_1' title="bbox 983 249 1041 300">
     <span class='ocr_line' id='line_1_1' title="bbox 983 249 1041 300; baseline 0 0"><span class='ocrx_word' id='word_1_1' title='bbox 983 249 1041 300; x_wconf 86' lang='lat'><strong>64</strong></span> 
     </span>
    </p>
   </div>
   <div class='ocr_carea' id='block_1_2' title="bbox 260 377 1755 1282">
    <p class='ocr_par' dir='ltr' id='par_1_2' title="bbox 260 377 1750 510">
     <span class='ocr_line' id='line_1_2' title="bbox 260 377 1750 433; baseline 0.001 -14"><span class='ocrx_word' id='word_1_2' title='bbox 260 380 411 433; x_wconf 86' lang='lat' dir='ltr'><strong>incipit</strong></span> <span class='ocrx_word' id='word_1_3' title='bbox 443 380 503 421; x_wconf 92' lang='lat' dir='ltr'><strong>rei</strong></span> <span class='ocrx_word' id='word_1_4' title='bbox 535 380 728 421; x_wconf 82' lang='lat' dir='ltr'>maxime</span> <span class='ocrx_word' id='word_1_5' title='bbox 760 379 977 420; x_wconf 88' lang='lat' dir='ltr'><strong>dissimilis</strong></span> <span class='ocrx_word' id='word_1_6' title='bbox 1013 379 1097 428; x_wconf 84' lang='lat' dir='ltr'><strong>„im</strong></span> <span class='ocrx_word' id='word_1_7' title='bbox 1131 377 1378 433; x_wconf 86' lang='lat' dir='ltr'><strong>Gegensatz</strong></span> <span class='ocrx_word' id='word_1_8' title='bbox 1410 394 1461 420; x_wconf 92' lang='lat' dir='ltr'><strong>zu</strong></span> <span class='ocrx_word' id='word_1_9' title='bbox 1494 379 1570 420; x_wconf 92' lang='lat' dir='ltr'><strong>der</strong></span> <span class='ocrx_word' id='word_1_10' title='bbox 1603 380 1646 420; x_wconf 91' lang='lat' dir='ltr'><strong>in</strong></span> <span class='ocrx_word' id='word_1_11' title='bbox 1673 379 1750 421; x_wconf 90' lang='lat' dir='ltr'><strong>der</strong></span> 
     </span>
     <span class='ocr_line' id='line_1_3' title="bbox 261 455 1000 510; baseline 0 -14"><span class='ocrx_word' id='word_1_12' title='bbox 261 456 454 497; x_wconf 92' lang='lat' dir='ltr'><strong>Himmel</strong></span> <span class='ocrx_word' id='word_1_13' title='bbox 486 457 735 498; x_wconf 91' lang='lat' dir='ltr'><strong>erhobenen</strong></span> <span class='ocrx_word' id='word_1_14' title='bbox 769 455 1000 510; x_wconf 87' lang='lat' dir='ltr'><strong>Tugend.&#39;&#39;</strong></span> 
     </span>
    </p>

    <p class='ocr_par' dir='ltr' id='par_1_3' title="bbox 261 532 1755 1128">
     <span class='ocr_line' id='line_1_4' title="bbox 319 532 1754 588; baseline 0 -14"><span class='ocrx_word' id='word_1_15' title='bbox 319 534 412 574; x_wconf 88' lang='lat' dir='ltr'><strong>Iam</strong></span> <span class='ocrx_word' id='word_1_16' title='bbox 444 541 577 587; x_wconf 88' lang='lat' dir='ltr'><strong>poeta</strong></span> <span class='ocrx_word' id='word_1_17' title='bbox 609 535 650 575; x_wconf 92' lang='lat' dir='ltr'><strong>ni</strong></span> <span class='ocrx_word' id='word_1_18' title='bbox 684 534 808 575; x_wconf 90' lang='lat' dir='ltr'><strong>fallor</strong></span> <span class='ocrx_word' id='word_1_19' title='bbox 839 535 915 574; x_wconf 91' lang='lat' dir='ltr'><strong>vix</strong></span> <span class='ocrx_word' id='word_1_20' title='bbox 942 538 1197 588; x_wconf 82' lang='lat' dir='ltr'><strong>assequetur</strong></span> <span class='ocrx_word' id='word_1_21' title='bbox 1224 547 1349 574; x_wconf 88' lang='lat' dir='ltr'><strong>suum</strong></span> <span class='ocrx_word' id='word_1_22' title='bbox 1377 533 1617 574; x_wconf 90' lang='lat' dir='ltr'><strong>consilium.</strong></span> <span class='ocrx_word' id='word_1_23' title='bbox 1636 532 1754 586; x_wconf 80' lang='lat' dir='ltr'><strong>Quid</strong></span> 
     </span>
     <span class='ocr_line' id='line_1_5' title="bbox 261 610 1755 665; baseline 0 -14"><span class='ocrx_word' id='word_1_24' title='bbox 261 612 376 651; x_wconf 90' lang='lat' dir='ltr'><strong>enim</strong></span> <span class='ocrx_word' id='word_1_25' title='bbox 422 612 611 665; x_wconf 91' lang='lat' dir='ltr'><strong>ineptius</strong></span> <span class='ocrx_word' id='word_1_26' title='bbox 657 612 910 664; x_wconf 87' lang='lat' dir='ltr'><strong>excogitare</strong></span> <span class='ocrx_word' id='word_1_27' title='bbox 957 611 1100 664; x_wconf 89' lang='lat' dir='ltr'><strong>potuit</strong></span> <span class='ocrx_word' id='word_1_28' title='bbox 1145 624 1277 664; x_wconf 88' lang='lat' dir='ltr'><strong>quam</strong></span> <span class='ocrx_word' id='word_1_29' title='bbox 1320 611 1363 651; x_wconf 91' lang='lat' dir='ltr'><strong>in</strong></span> <span class='ocrx_word' id='word_1_30' title='bbox 1395 624 1480 651; x_wconf 90' lang='lat' dir='ltr'><strong>una</strong></span> <span class='ocrx_word' id='word_1_31' title='bbox 1513 610 1755 665; x_wconf 90' lang='lat' dir='ltr'><strong>eademque</strong></span> 
     </span>
     <span class='ocr_line' id='line_1_6' title="bbox 261 687 1751 742; baseline -0.001 -13"><span class='ocrx_word' id='word_1_32' title='bbox 261 689 347 729; x_wconf 89' lang='lat' dir='ltr'><strong>oda</strong></span> <span class='ocrx_word' id='word_1_33' title='bbox 393 690 582 742; x_wconf 91' lang='lat' dir='ltr'><strong>primum</strong></span> <span class='ocrx_word' id='word_1_34' title='bbox 630 688 860 741; x_wconf 83' lang='lat' dir='ltr'><strong>magnifice</strong></span> <span class='ocrx_word' id='word_1_35' title='bbox 902 688 1021 742; x_wconf 91' lang='lat' dir='ltr'><strong>loqui</strong></span> <span class='ocrx_word' id='word_1_36' title='bbox 1068 687 1123 728; x_wconf 89' lang='lat' dir='ltr'><strong>de</strong></span> <span class='ocrx_word' id='word_1_37' title='bbox 1165 687 1304 741; x_wconf 85' lang='lat' dir='ltr'><strong>gloria</strong></span> <span class='ocrx_word' id='word_1_38' title='bbox 1343 702 1476 742; x_wconf 87' lang='lat' dir='ltr'><strong>quam</strong></span> <span class='ocrx_word' id='word_1_39' title='bbox 1519 688 1751 742; x_wconf 85' lang='lat' dir='ltr'>sequimur,</span> 
     </span>
     <span class='ocr_line' id='line_1_7' title="bbox 261 765 1755 819; baseline 0 -13"><span class='ocrx_word' id='word_1_40' title='bbox 261 766 418 807; x_wconf 90' lang='lat' dir='ltr'><strong>deinde</strong></span> <span class='ocrx_word' id='word_1_41' title='bbox 450 766 694 807; x_wconf 86' lang='lat' dir='ltr'><strong>mercedem</strong></span> <span class='ocrx_word' id='word_1_42' title='bbox 727 766 984 819; x_wconf 83' lang='lat' dir='ltr'><strong>promittere</strong></span> <span class='ocrx_word' id='word_1_43' title='bbox 1016 765 1066 815; x_wconf 79' lang='lat' dir='ltr'><strong>ei,</strong></span> <span class='ocrx_word' id='word_1_44' title='bbox 1101 765 1175 819; x_wconf 91' lang='lat' dir='ltr'><strong>qui</strong></span> <span class='ocrx_word' id='word_1_45' title='bbox 1208 771 1390 819; x_wconf 81' lang='lat' dir='ltr'><strong>quaeret</strong></span> <span class='ocrx_word' id='word_1_46' title='bbox 1422 765 1532 806; x_wconf 91' lang='lat' dir='ltr'><strong>illius</strong></span> <span class='ocrx_word' id='word_1_47' title='bbox 1565 766 1625 806; x_wconf 91' lang='lat' dir='ltr'><strong>rei</strong></span> <span class='ocrx_word' id='word_1_48' title='bbox 1652 779 1755 806; x_wconf 90' lang='lat' dir='ltr'><strong>con-</strong></span> 
     </span>
     <span class='ocr_line' id='line_1_8' title="bbox 261 841 1753 897; baseline -0.001 -13"><span class='ocrx_word' id='word_1_49' title='bbox 261 844 393 884; x_wconf 87' lang='lat' dir='ltr'><strong>traria</strong></span> <span class='ocrx_word' id='word_1_50' title='bbox 424 857 499 884; x_wconf 91' lang='lat' dir='ltr'><strong>seu</strong></span> <span class='ocrx_word' id='word_1_51' title='bbox 533 844 677 897; x_wconf 89' lang='lat' dir='ltr'><strong>potius</strong></span> <span class='ocrx_word' id='word_1_52' title='bbox 709 843 783 897; x_wconf 91' lang='lat' dir='ltr'><strong>qui</strong></span> <span class='ocrx_word' id='word_1_53' title='bbox 815 842 1042 883; x_wconf 82' lang='lat' dir='ltr'><strong>contrariis</strong></span> <span class='ocrx_word' id='word_1_54' title='bbox 1070 842 1261 895; x_wconf 86' lang='lat' dir='ltr'><strong>segniter</strong></span> <span class='ocrx_word' id='word_1_55' title='bbox 1288 841 1482 883; x_wconf 89' lang='lat' dir='ltr'><strong>manebit</strong></span> <span class='ocrx_word' id='word_1_56' title='bbox 1509 847 1753 884; x_wconf 89' lang='lat' dir='ltr'><strong>contentus.</strong></span> 
     </span>
     <span class='ocr_line' id='line_1_9' title="bbox 261 919 1754 974; baseline 0 -14"><span class='ocrx_word' id='word_1_57' title='bbox 261 920 377 960; x_wconf 88' lang='lat' dir='ltr'><strong>Nam</strong></span> <span class='ocrx_word' id='word_1_58' title='bbox 425 934 512 960; x_wconf 91' lang='lat' dir='ltr'><strong>non</strong></span> <span class='ocrx_word' id='word_1_59' title='bbox 557 919 695 961; x_wconf 92' lang='lat' dir='ltr'><strong>multo</strong></span> <span class='ocrx_word' id='word_1_60' title='bbox 741 919 891 961; x_wconf 91' lang='lat' dir='ltr'><strong>labore</strong></span> <span class='ocrx_word' id='word_1_61' title='bbox 933 925 999 960; x_wconf 90' lang='lat' dir='ltr'><strong>est</strong></span> <span class='ocrx_word' id='word_1_62' title='bbox 1041 933 1164 974; x_wconf 83' lang='lat' dir='ltr'><strong>opuS‚</strong></span> <span class='ocrx_word' id='word_1_63' title='bbox 1210 926 1257 961; x_wconf 91' lang='lat' dir='ltr'><strong>ut</strong></span> <span class='ocrx_word' id='word_1_64' title='bbox 1298 920 1481 974; x_wconf 80' lang='lat' dir='ltr'><strong>gloriam</strong></span> <span class='ocrx_word' id='word_1_65' title='bbox 1514 920 1639 961; x_wconf 92' lang='lat' dir='ltr'><strong>nobis</strong></span> <span class='ocrx_word' id='word_1_66' title='bbox 1671 934 1754 960; x_wconf 87' lang='lat' dir='ltr'><strong>non</strong></span> 
     </span>
     <span class='ocr_line' id='line_1_10' title="bbox 262 996 1755 1050; baseline 0 -13"><span class='ocrx_word' id='word_1_67' title='bbox 262 997 589 1050; x_wconf 84' lang='lat' dir='ltr'><strong>comparemus!</strong></span> <span class='ocrx_word' id='word_1_68' title='bbox 635 1021 688 1026; x_wconf 83' lang='lat'><strong>—-</strong></span> <span class='ocrx_word' id='word_1_69' title='bbox 734 996 855 1050; x_wconf 89' lang='lat' dir='ltr'><strong>Ergo</strong></span> <span class='ocrx_word' id='word_1_70' title='bbox 896 997 1129 1037; x_wconf 90' lang='lat' dir='ltr'><strong>dicendum</strong></span> <span class='ocrx_word' id='word_1_71' title='bbox 1177 996 1350 1038; x_wconf 86' lang='lat' dir='ltr'><strong>videtur</strong></span> <span class='ocrx_word' id='word_1_72' title='bbox 1393 996 1625 1038; x_wconf 89' lang='lat' dir='ltr'><strong>Horatium</strong></span> <span class='ocrx_word' id='word_1_73' title='bbox 1667 1010 1755 1037; x_wconf 92' lang='lat' dir='ltr'><strong>non</strong></span> 
     </span>
     <span class='ocr_line' id='line_1_11' title="bbox 262 1074 1754 1128; baseline 0.001 -14"><span class='ocrx_word' id='word_1_74' title='bbox 262 1074 528 1128; x_wconf 82' lang='lat' dir='ltr'><strong>significasse</strong></span> <span class='ocrx_word' id='word_1_75' title='bbox 569 1088 677 1115; x_wconf 88' lang='lat' dir='ltr'><strong>voce</strong></span> <span class='ocrx_word' id='word_1_76' title='bbox 719 1075 891 1116; x_wconf 88' lang='lat' dir='ltr'><strong>silentio</strong></span> <span class='ocrx_word' id='word_1_77' title='bbox 933 1074 1225 1116; x_wconf 88' lang='lat' dir='ltr'><strong>humilitatem</strong></span> <span class='ocrx_word' id='word_1_78' title='bbox 1263 1080 1396 1128; x_wconf 90' lang='lat' dir='ltr'><strong>atque</strong></span> <span class='ocrx_word' id='word_1_79' title='bbox 1428 1074 1754 1116; x_wconf 88' lang='lat' dir='ltr'><strong>obscuritatem.</strong></span> 
     </span>
    </p>

    <p class='ocr_par' dir='ltr' id='par_1_4' title="bbox 263 1150 1755 1282">
     <span class='ocr_line' id='line_1_12' title="bbox 322 1150 1755 1206; baseline 0 -15"><span class='ocrx_word' id='word_1_80' title='bbox 322 1151 457 1191; x_wconf 90' lang='lat' dir='ltr'><strong>Miror</strong></span> <span class='ocrx_word' id='word_1_81' title='bbox 505 1158 731 1205; x_wconf 90' lang='lat' dir='ltr'><strong>praeterea</strong></span> <span class='ocrx_word' id='word_1_82' title='bbox 777 1150 896 1206; x_wconf 91' lang='lat' dir='ltr'><strong>quod</strong></span> <span class='ocrx_word' id='word_1_83' title='bbox 943 1151 1220 1192; x_wconf 89' lang='lat' dir='ltr'><strong>doctissimus</strong></span> <span class='ocrx_word' id='word_1_84' title='bbox 1263 1152 1463 1205; x_wconf 83' lang='lat' dir='ltr'><strong>scriptor,</strong></span> <span class='ocrx_word' id='word_1_85' title='bbox 1504 1151 1615 1193; x_wconf 89' lang='lat' dir='ltr'><strong>sicut</strong></span> <span class='ocrx_word' id='word_1_86' title='bbox 1651 1150 1755 1192; x_wconf 91' lang='lat' dir='ltr'><strong>olim</strong></span> 
     </span>
     <span class='ocr_line' id='line_1_13' title="bbox 263 1227 1336 1282; baseline 0.001 -14"><span class='ocrx_word' id='word_1_87' title='bbox 263 1228 521 1282; x_wconf 87' lang='lat' dir='ltr'><strong>interpretes</strong></span> <span class='ocrx_word' id='word_1_88' title='bbox 552 1228 764 1277; x_wconf 89' lang='lat' dir='ltr'><strong>solebant,</strong></span> <span class='ocrx_word' id='word_1_89' title='bbox 799 1228 977 1269; x_wconf 86' lang='lat' dir='ltr'><strong>effatum</strong></span> <span class='ocrx_word' id='word_1_90' title='bbox 1010 1227 1336 1270; x_wconf 88' lang='lat' dir='ltr'><strong>Simonideum:</strong></span> 
     </span>
    </p>
   </div>
   <div class='ocr_carea' id='block_1_3' title="bbox 667 1333 1370 1380">
    <p class='ocr_par' dir='ltr' id='par_1_5' title="bbox 667 1333 1370 1380">
     <span class='ocr_line' id='line_1_14' title="bbox 667 1333 1370 1380; baseline -0.001 -12"><span class='ocrx_word' id='word_1_91' title='bbox 667 1334 746 1368; x_wconf 82' lang='grc' dir='ltr'><em>ἔστι</em></span> <span class='ocrx_word' id='word_1_92' title='bbox 778 1334 844 1368; x_wconf 81' lang='grc' dir='ltr'><strong>καὶ</strong></span> <span class='ocrx_word' id='word_1_93' title='bbox 878 1337 985 1379; x_wconf 81' lang='grc' dir='ltr'>σιγῆς</span> <span class='ocrx_word' id='word_1_94' title='bbox 1018 1333 1225 1368; x_wconf 79' lang='grc' dir='ltr'><em>ἀκίνδυνον</em></span> <span class='ocrx_word' id='word_1_95' title='bbox 1257 1335 1370 1380; x_wconf 80' lang='grc' dir='ltr'><em>γέρας</em></span> 
     </span>
    </p>
   </div>
   <div class='ocr_carea' id='block_1_4' title="bbox 262 1435 1757 2492">
    <p class='ocr_par' dir='ltr' id='par_1_6' title="bbox 262 1435 1756 2171">
     <span class='ocr_line' id='line_1_15' title="bbox 263 1435 1756 1490; baseline -0.001 -14"><span class='ocrx_word' id='word_1_96' title='bbox 263 1436 360 1476; x_wconf 94' lang='lat' dir='ltr'><strong>ideo</strong></span> <span class='ocrx_word' id='word_1_97' title='bbox 402 1436 582 1476; x_wconf 85' lang='lat' dir='ltr'><strong>vertisse</strong></span> <span class='ocrx_word' id='word_1_98' title='bbox 621 1436 854 1477; x_wconf 90' lang='lat' dir='ltr'><strong>Horatium</strong></span> <span class='ocrx_word' id='word_1_99' title='bbox 888 1436 1100 1490; x_wconf 89' lang='lat' dir='ltr'><strong>perhibet,</strong></span> <span class='ocrx_word' id='word_1_100' title='bbox 1135 1436 1254 1490; x_wconf 91' lang='lat' dir='ltr'><strong>quod</strong></span> <span class='ocrx_word' id='word_1_101' title='bbox 1287 1436 1493 1488; x_wconf 90' lang='lat' dir='ltr'><strong>Princeps</strong></span> <span class='ocrx_word' id='word_1_102' title='bbox 1526 1435 1756 1489; x_wconf 86' lang='lat' dir='ltr'><strong>Augustus</strong></span> 
     </span>
     <span class='ocr_line' id='line_1_16' title="bbox 263 1513 1756 1567; baseline -0.001 -14"><span class='ocrx_word' id='word_1_103' title='bbox 263 1513 604 1554; x_wconf 86' lang='lat' dir='ltr'><strong>Athenodorum</strong></span> <span class='ocrx_word' id='word_1_104' title='bbox 645 1513 871 1567; x_wconf 90' lang='lat' dir='ltr'><strong>alloquens</strong></span> <span class='ocrx_word' id='word_1_105' title='bbox 914 1527 1014 1554; x_wconf 89' lang='lat' dir='ltr'><strong>usus</strong></span> <span class='ocrx_word' id='word_1_106' title='bbox 1056 1527 1108 1554; x_wconf 90' lang='lat' dir='ltr'><strong>eo</strong></span> <span class='ocrx_word' id='word_1_107' title='bbox 1146 1518 1272 1563; x_wconf 87' lang='lat' dir='ltr'><strong>esset,</strong></span> <span class='ocrx_word' id='word_1_108' title='bbox 1307 1519 1354 1554; x_wconf 92' lang='lat' dir='ltr'><strong>ut</strong></span> <span class='ocrx_word' id='word_1_109' title='bbox 1386 1513 1588 1553; x_wconf 92' lang='lat' dir='ltr'><strong>omnibus</strong></span> <span class='ocrx_word' id='word_1_110' title='bbox 1620 1525 1756 1566; x_wconf 90' lang='lat' dir='ltr'><strong>perno</strong></span> 
     </span>
     <span class='ocr_line' id='line_1_17' title="bbox 262 1588 1756 1645; baseline -0.001 -14"><span class='ocrx_word' id='word_1_111' title='bbox 262 1596 355 1631; x_wconf 88' lang='lat' dir='ltr'><strong>tum</strong></span> <span class='ocrx_word' id='word_1_112' title='bbox 389 1596 455 1632; x_wconf 90' lang='lat' dir='ltr'><strong>est</strong></span> <span class='ocrx_word' id='word_1_113' title='bbox 473 1588 517 1643; x_wconf 90' lang='grc'><strong>1).</strong></span> <span class='ocrx_word' id='word_1_114' title='bbox 553 1590 702 1643; x_wconf 81' lang='lat' dir='ltr'><strong>Miror,</strong></span> <span class='ocrx_word' id='word_1_115' title='bbox 735 1591 925 1645; x_wconf 88' lang='lat' dir='ltr'><strong>inquam,</strong></span> <span class='ocrx_word' id='word_1_116' title='bbox 960 1604 1062 1631; x_wconf 91' lang='lat' dir='ltr'><strong>nam</strong></span> <span class='ocrx_word' id='word_1_117' title='bbox 1095 1590 1296 1631; x_wconf 89' lang='lat' dir='ltr'><strong>undecim</strong></span> <span class='ocrx_word' id='word_1_118' title='bbox 1329 1591 1451 1631; x_wconf 88' lang='lat' dir='ltr'><strong>annis</strong></span> <span class='ocrx_word' id='word_1_119' title='bbox 1479 1596 1579 1631; x_wconf 91' lang='lat' dir='ltr'><strong>ante</strong></span> <span class='ocrx_word' id='word_1_120' title='bbox 1606 1590 1756 1631; x_wconf 89' lang='lat' dir='ltr'><strong>certis-</strong></span> 
     </span>
     <span class='ocr_line' id='line_1_18' title="bbox 263 1667 1756 1721; baseline 0.001 -15"><span class='ocrx_word' id='word_1_121' title='bbox 263 1668 373 1707; x_wconf 88' lang='lat' dir='ltr'><strong>sima</strong></span> <span class='ocrx_word' id='word_1_122' title='bbox 415 1667 795 1721; x_wconf 87' lang='lat' dir='ltr'><strong>argumentatione</strong></span> <span class='ocrx_word' id='word_1_123' title='bbox 837 1667 1028 1708; x_wconf 89' lang='lat' dir='ltr'><strong>ostendit</strong></span> <span class='ocrx_word' id='word_1_124' title='bbox 1072 1668 1343 1717; x_wconf 83' lang='lat' dir='ltr'><strong>Karstenius,</strong></span> <span class='ocrx_word' id='word_1_125' title='bbox 1384 1673 1561 1721; x_wconf 91' lang='lat' dir='ltr'><strong>poetam</strong></span> <span class='ocrx_word' id='word_1_126' title='bbox 1594 1667 1756 1708; x_wconf 90' lang='lat' dir='ltr'><strong>iamdiu</strong></span> 
     </span>
     <span class='ocr_line' id='line_1_19' title="bbox 263 1744 1756 1799; baseline 0 -15"><span class='ocrx_word' id='word_1_127' title='bbox 263 1757 413 1784; x_wconf 90' lang='lat' dir='ltr'><strong>versus</strong></span> <span class='ocrx_word' id='word_1_128' title='bbox 470 1744 552 1784; x_wconf 92' lang='lat' dir='ltr'><strong>hos</strong></span> <span class='ocrx_word' id='word_1_129' title='bbox 608 1745 905 1797; x_wconf 89' lang='lat' dir='ltr'><strong>composuisse</strong></span> <span class='ocrx_word' id='word_1_130' title='bbox 963 1751 1199 1799; x_wconf 89' lang='lat' dir='ltr'><strong>antequam</strong></span> <span class='ocrx_word' id='word_1_131' title='bbox 1257 1744 1574 1786; x_wconf 87' lang='lat' dir='ltr'><strong>Athenodorus</strong></span> <span class='ocrx_word' id='word_1_132' title='bbox 1619 1757 1756 1785; x_wconf 90' lang='lat' dir='ltr'><strong>senex</strong></span> 
     </span>
     <span class='ocr_line' id='line_1_20' title="bbox 263 1821 1756 1875; baseline 0.001 -14"><span class='ocrx_word' id='word_1_133' title='bbox 263 1821 510 1874; x_wconf 87' lang='lat' dir='ltr'><strong>decrepitus</strong></span> <span class='ocrx_word' id='word_1_134' title='bbox 553 1835 730 1862; x_wconf 85' lang='lat' dir='ltr'><strong>munere</strong></span> <span class='ocrx_word' id='word_1_135' title='bbox 772 1821 1005 1862; x_wconf 90' lang='lat' dir='ltr'><strong>abdicandi</strong></span> <span class='ocrx_word' id='word_1_136' title='bbox 1046 1835 1105 1871; x_wconf 92' lang='lat' dir='ltr'><strong>se,</strong></span> <span class='ocrx_word' id='word_1_137' title='bbox 1140 1821 1367 1862; x_wconf 90' lang='lat' dir='ltr'><strong>consilium</strong></span> <span class='ocrx_word' id='word_1_138' title='bbox 1400 1822 1530 1875; x_wconf 91' lang='lat' dir='ltr'><strong>cepit.</strong></span> <span class='ocrx_word' id='word_1_139' title='bbox 1563 1821 1756 1862; x_wconf 91' lang='lat' dir='ltr'><strong>Pruden-</strong></span> 
     </span>
     <span class='ocr_line' id='line_1_21' title="bbox 263 1898 1756 1952; baseline 0.001 -14"><span class='ocrx_word' id='word_1_140' title='bbox 263 1898 429 1939; x_wconf 89' lang='lat' dir='ltr'><strong>tissime</strong></span> <span class='ocrx_word' id='word_1_141' title='bbox 460 1898 584 1940; x_wconf 90' lang='lat' dir='ltr'><strong>multi</strong></span> <span class='ocrx_word' id='word_1_142' title='bbox 616 1899 686 1939; x_wconf 92' lang='lat' dir='ltr'><strong>alii</strong></span> <span class='ocrx_word' id='word_1_143' title='bbox 719 1905 1087 1940; x_wconf 87' lang='lat' dir='ltr'><strong>commentatores</strong></span> <span class='ocrx_word' id='word_1_144' title='bbox 1119 1899 1232 1939; x_wconf 90' lang='lat' dir='ltr'><strong>hanc</strong></span> <span class='ocrx_word' id='word_1_145' title='bbox 1260 1899 1599 1952; x_wconf 84' lang='lat' dir='ltr'><strong>explicationem</strong></span> <span class='ocrx_word' id='word_1_146' title='bbox 1626 1898 1756 1939; x_wconf 92' lang='lat' dir='ltr'><strong>hodie</strong></span> 
     </span>
     <span class='ocr_line' id='line_1_22' title="bbox 264 1975 1756 2031; baseline 0 -15"><span class='ocrx_word' id='word_1_147' title='bbox 264 1976 483 2026; x_wconf 88' lang='lat' dir='ltr'><strong>omittunt,</strong></span> <span class='ocrx_word' id='word_1_148' title='bbox 513 1977 707 2017; x_wconf 92' lang='lat' dir='ltr'><strong>nondum</strong></span> <span class='ocrx_word' id='word_1_149' title='bbox 735 1990 839 2017; x_wconf 89' lang='lat' dir='ltr'><strong>vero</strong></span> <span class='ocrx_word' id='word_1_150' title='bbox 864 1990 1029 2017; x_wconf 90' lang='lat' dir='ltr'><strong>omnes.</strong></span> <span class='ocrx_word' id='word_1_151' title='bbox 1050 1976 1117 2017; x_wconf 89' lang='lat' dir='ltr'><strong>Ea</strong></span> <span class='ocrx_word' id='word_1_152' title='bbox 1135 1977 1264 2030; x_wconf 88' lang='lat' dir='ltr'><strong>igitur</strong></span> <span class='ocrx_word' id='word_1_153' title='bbox 1281 1990 1393 2031; x_wconf 89' lang='lat' dir='ltr'><strong>quae</strong></span> <span class='ocrx_word' id='word_1_154' title='bbox 1410 1975 1756 2030; x_wconf 87' lang='lat' dir='ltr'><strong>elegantissimus</strong></span> 
     </span>
     <span class='ocr_line' id='line_1_23' title="bbox 264 2052 1756 2107; baseline 0.001 -14"><span class='ocrx_word' id='word_1_155' title='bbox 264 2054 450 2107; x_wconf 89' lang='lat' dir='ltr'><strong>scriptor</strong></span> <span class='ocrx_word' id='word_1_156' title='bbox 497 2054 544 2095; x_wconf 89' lang='lat' dir='ltr'><strong>P.</strong></span> <span class='ocrx_word' id='word_1_157' title='bbox 586 2052 826 2095; x_wconf 86' lang='lat' dir='ltr'><strong>Corssenus</strong></span> <span class='ocrx_word' id='word_1_158' title='bbox 868 2054 952 2094; x_wconf 92' lang='lat' dir='ltr'><strong>hoc</strong></span> <span class='ocrx_word' id='word_1_159' title='bbox 994 2054 1048 2095; x_wconf 92' lang='lat' dir='ltr'><strong>de</strong></span> <span class='ocrx_word' id='word_1_160' title='bbox 1089 2054 1187 2095; x_wconf 91' lang='lat' dir='ltr'><strong>loco</strong></span> <span class='ocrx_word' id='word_1_161' title='bbox 1229 2053 1378 2095; x_wconf 91' lang='lat' dir='ltr'><strong>docuit</strong></span> <span class='ocrx_word' id='word_1_162' title='bbox 1417 2053 1620 2094; x_wconf 90' lang='lat' dir='ltr'><strong>videntur</strong></span> <span class='ocrx_word' id='word_1_163' title='bbox 1662 2066 1756 2094; x_wconf 89' lang='lat' dir='ltr'><strong>esse</strong></span> 
     </span>
     <span class='ocr_line' id='line_1_24' title="bbox 266 2129 496 2171; baseline 0.004 -1"><span class='ocrx_word' id='word_1_164' title='bbox 266 2129 496 2171; x_wconf 90' lang='lat' dir='ltr'><strong>reicienda.</strong></span> 
     </span>
    </p>

    <p class='ocr_par' dir='ltr' id='par_1_7' title="bbox 265 2206 1757 2492">
     <span class='ocr_line' id='line_1_25' title="bbox 325 2206 1757 2262; baseline 0.001 -15"><span class='ocrx_word' id='word_1_165' title='bbox 325 2206 706 2248; x_wconf 89' lang='lat' dir='ltr'><strong>Domaszewskius</strong></span> <span class='ocrx_word' id='word_1_166' title='bbox 723 2208 754 2261; x_wconf 70' lang='lat'><strong>2)</strong></span> <span class='ocrx_word' id='word_1_167' title='bbox 788 2221 867 2262; x_wconf 91' lang='lat' dir='ltr'><strong>pro</strong></span> <span class='ocrx_word' id='word_1_168' title='bbox 884 2221 963 2248; x_wconf 90' lang='lat' dir='ltr'><strong>suo</strong></span> <span class='ocrx_word' id='word_1_169' title='bbox 981 2208 1157 2249; x_wconf 89' lang='lat' dir='ltr'><strong>invento</strong></span> <span class='ocrx_word' id='word_1_170' title='bbox 1176 2208 1398 2262; x_wconf 91' lang='lat' dir='ltr'><strong>propriam</strong></span> <span class='ocrx_word' id='word_1_171' title='bbox 1417 2207 1588 2249; x_wconf 88' lang='lat' dir='ltr'><strong>tradere</strong></span> <span class='ocrx_word' id='word_1_172' title='bbox 1605 2207 1757 2249; x_wconf 87' lang='lat' dir='ltr'><strong>debuit</strong></span> 
     </span>
     <span class='ocr_line' id='line_1_26' title="bbox 265 2284 1756 2337; baseline 0.001 -14"><span class='ocrx_word' id='word_1_173' title='bbox 265 2284 599 2336; x_wconf 85' lang='lat' dir='ltr'><strong>expositionem.</strong></span> <span class='ocrx_word' id='word_1_174' title='bbox 619 2284 811 2337; x_wconf 90' lang='lat' dir='ltr'><strong>Ingenue</strong></span> <span class='ocrx_word' id='word_1_175' title='bbox 829 2284 989 2326; x_wconf 90' lang='lat' dir='ltr'><strong>fatetur</strong></span> <span class='ocrx_word' id='word_1_176' title='bbox 1005 2284 1306 2326; x_wconf 88' lang='lat' dir='ltr'><strong>difficultatem</strong></span> <span class='ocrx_word' id='word_1_177' title='bbox 1324 2298 1412 2325; x_wconf 90' lang='lat' dir='ltr'><strong>non</strong></span> <span class='ocrx_word' id='word_1_178' title='bbox 1425 2284 1576 2325; x_wconf 90' lang='lat' dir='ltr'><strong>deesse</strong></span> <span class='ocrx_word' id='word_1_179' title='bbox 1589 2290 1634 2326; x_wconf 91' lang='lat' dir='ltr'><strong>at</strong></span> <span class='ocrx_word' id='word_1_180' title='bbox 1645 2285 1756 2325; x_wconf 89' lang='lat' dir='ltr'><strong>nihi-</strong></span> 
     </span>
     <span class='ocr_line' id='line_1_27' title="bbox 265 2360 1756 2415; baseline 0.001 -15"><span class='ocrx_word' id='word_1_181' title='bbox 265 2360 471 2401; x_wconf 91' lang='lat' dir='ltr'><strong>lominus:</strong></span> <span class='ocrx_word' id='word_1_182' title='bbox 493 2360 654 2410; x_wconf 85' lang='lat' dir='ltr'><strong>„Wohl</strong></span> <span class='ocrx_word' id='word_1_183' title='bbox 671 2361 856 2402; x_wconf 88' lang='lat' dir='ltr'><strong>erkennt</strong></span> <span class='ocrx_word' id='word_1_184' title='bbox 873 2375 988 2412; x_wconf 87' lang='lat' dir='ltr'><strong>man,</strong></span> <span class='ocrx_word' id='word_1_185' title='bbox 1002 2362 1103 2402; x_wconf 88' lang='lat' dir='ltr'><strong>dass</strong></span> <span class='ocrx_word' id='word_1_186' title='bbox 1121 2362 1198 2402; x_wconf 91' lang='lat' dir='ltr'><strong>der</strong></span> <span class='ocrx_word' id='word_1_187' title='bbox 1210 2361 1460 2403; x_wconf 85' lang='lat' dir='ltr'><strong>Unterthan</strong></span> <span class='ocrx_word' id='word_1_188' title='bbox 1474 2361 1574 2401; x_wconf 90' lang='lat' dir='ltr'><strong>dem</strong></span> <span class='ocrx_word' id='word_1_189' title='bbox 1587 2361 1756 2415; x_wconf 71' lang='lat' dir='ltr'><strong>Trager</strong></span> 
     </span>
     <span class='ocr_line' id='line_1_28' title="bbox 266 2437 1756 2492; baseline 0.001 -15"><span class='ocrx_word' id='word_1_190' title='bbox 266 2438 343 2478; x_wconf 91' lang='lat' dir='ltr'><strong>der</strong></span> <span class='ocrx_word' id='word_1_191' title='bbox 377 2438 525 2478; x_wconf 90' lang='lat' dir='ltr'><strong>Virtus</strong></span> <span class='ocrx_word' id='word_1_192' title='bbox 554 2437 684 2478; x_wconf 88' lang='lat' dir='ltr'><strong>Fides</strong></span> <span class='ocrx_word' id='word_1_193' title='bbox 710 2437 922 2490; x_wconf 82' lang='lat' dir='ltr'><strong>schuldet‚</strong></span> <span class='ocrx_word' id='word_1_194' title='bbox 950 2439 1056 2479; x_wconf 90' lang='lat' dir='ltr'><strong>aber</strong></span> <span class='ocrx_word' id='word_1_195' title='bbox 1082 2439 1152 2479; x_wconf 90' lang='lat' dir='ltr'><strong>die</strong></span> <span class='ocrx_word' id='word_1_196' title='bbox 1169 2438 1538 2492; x_wconf 69' lang='lat' dir='ltr'><strong>eigenthtimliche</strong></span> <span class='ocrx_word' id='word_1_197' title='bbox 1558 2438 1756 2491; x_wconf 90' lang='lat' dir='ltr'><strong>Fassung</strong></span> 
     </span>
    </p>
   </div>
   <div class='ocr_carea' id='block_1_5' title="bbox 694 2531 1236 2625">
    <p class='ocr_par' dir='ltr' id='par_1_8' title="bbox 694 2531 1236 2625">
     <span class='ocr_line' id='line_1_29' title="bbox 694 2531 1236 2567; baseline 0.004 -3"><span class='ocrx_word' id='word_1_198' title='bbox 694 2536 770 2566; x_wconf 80' lang='lat' dir='ltr'><strong>»est</strong></span> <span class='ocrx_word' id='word_1_199' title='bbox 796 2537 832 2565; x_wconf 88' lang='lat' dir='ltr'><strong>et</strong></span> <span class='ocrx_word' id='word_1_200' title='bbox 857 2531 958 2566; x_wconf 90' lang='lat' dir='ltr'><strong>fideli</strong></span> <span class='ocrx_word' id='word_1_201' title='bbox 984 2538 1065 2566; x_wconf 91' lang='lat' dir='ltr'><strong>tuta</strong></span> <span class='ocrx_word' id='word_1_202' title='bbox 1089 2532 1236 2567; x_wconf 85' lang='lat' dir='ltr'><strong>silentio</strong></span> 
     </span>
     <span class='ocr_line' id='line_1_30' title="bbox 739 2591 904 2625; baseline 0.006 -1"><span class='ocrx_word' id='word_1_203' title='bbox 739 2591 904 2625; x_wconf 89' lang='lat' dir='ltr'><strong>merces”</strong></span> 
     </span>
    </p>
   </div>
   <div class='ocr_carea' id='block_1_6' title="bbox 267 2720 1756 2813">
    <p class='ocr_par' dir='ltr' id='par_1_9' title="bbox 267 2720 1756 2813">
     <span class='ocr_line' id='line_1_31' title="bbox 319 2720 1756 2766; baseline 0 -12"><span class='ocrx_word' id='word_1_204' title='bbox 319 2720 350 2765; x_wconf 90' lang='lat'><strong>1)</strong></span> <span class='ocrx_word' id='word_1_205' title='bbox 390 2720 446 2755; x_wconf 87' lang='lat' dir='ltr'><strong>Cf.</strong></span> <span class='ocrx_word' id='word_1_206' title='bbox 485 2740 528 2744; x_wconf 88' lang='lat'>-</span> <span class='ocrx_word' id='word_1_207' title='bbox 562 2721 714 2755; x_wconf 87' lang='lat' dir='ltr'><strong>Cassius</strong></span> <span class='ocrx_word' id='word_1_208' title='bbox 747 2721 819 2756; x_wconf 93' lang='lat' dir='ltr'><strong>Dio</strong></span> <span class='ocrx_word' id='word_1_209' title='bbox 855 2721 910 2765; x_wconf 83' lang='lat'><strong>56,</strong></span> <span class='ocrx_word' id='word_1_210' title='bbox 943 2731 988 2765; x_wconf 86' lang='lat'><strong>43</strong></span> <span class='ocrx_word' id='word_1_211' title='bbox 1024 2741 1067 2746; x_wconf 92' lang='lat'><strong>—</strong></span> <span class='ocrx_word' id='word_1_212' title='bbox 1093 2722 1255 2756; x_wconf 88' lang='lat' dir='ltr'><strong>Zonares</strong></span> <span class='ocrx_word' id='word_1_213' title='bbox 1285 2730 1337 2766; x_wconf 85' lang='lat'><strong>10,</strong></span> <span class='ocrx_word' id='word_1_214' title='bbox 1363 2720 1420 2765; x_wconf 89' lang='lat'><strong>38,</strong></span> <span class='ocrx_word' id='word_1_215' title='bbox 1446 2720 1510 2755; x_wconf 89' lang='lat' dir='ltr'><strong>ubi</strong></span> <span class='ocrx_word' id='word_1_216' title='bbox 1536 2720 1673 2755; x_wconf 87' lang='lat' dir='ltr'><strong>diserte</strong></span> <span class='ocrx_word' id='word_1_217' title='bbox 1698 2730 1756 2754; x_wconf 91' lang='lat' dir='ltr'><strong>res</strong></span> 
     </span>
     <span class='ocr_line' id='line_1_32' title="bbox 267 2786 450 2813; baseline 0.011 -2"><span class='ocrx_word' id='word_1_218' title='bbox 267 2786 450 2813; x_wconf 70' lang='lat' dir='ltr'><strong>narratur.</strong></span> 
     </span>
    </p>
   </div>
   <div class='ocr_carea' id='block_1_7' title="bbox 315 2855 727 2901">
    <p class='ocr_par' dir='ltr' id='par_1_10' title="bbox 315 2855 727 2901">
     <span class='ocr_line' id='line_1_33' title="bbox 315 2855 727 2901; baseline 0.007 -13"><span class='ocrx_word' id='word_1_219' title='bbox 315 2857 351 2898; x_wconf 87' lang='lat'><strong>2)</strong></span> <span class='ocrx_word' id='word_1_220' title='bbox 377 2855 433 2890; x_wconf 89' lang='lat' dir='ltr'><strong>Cf.</strong></span> <span class='ocrx_word' id='word_1_221' title='bbox 460 2856 510 2890; x_wconf 91' lang='lat' dir='ltr'><strong>l.l.</strong></span> <span class='ocrx_word' id='word_1_222' title='bbox 536 2866 621 2901; x_wconf 84' lang='lat' dir='ltr'><strong>pag.</strong></span> <span class='ocrx_word' id='word_1_223' title='bbox 648 2864 727 2901; x_wconf 83' lang='lat'><strong>305.</strong></span> 
     </span>
    </p>
   </div>
  </div>
 </body>
</html>
