1955 3157
932 267 988 309 74

539 387 674 422 Troiae
700 397 898 422 renascens
923 386 1011 421 alite
1036 385 1187 431 lugubri

540 448 707 482 Fortuna
732 446 828 481 tristi
853 445 962 480 clade
987 445 1196 487 iterabitur,

589 507 759 541 Ducente
785 505 957 540 victrices
982 510 1156 539 catervas

635 566 803 610 Coniuge
829 575 889 599 me
914 564 1015 598 Iovis
1039 570 1076 598 et
1101 575 1239 599 sorore.

396 686 441 732 65
539 687 613 720 Ter
639 686 668 720 si
694 690 863 729 resurgat
889 695 1018 718 murus
1043 694 1181 718 aeneus

540 747 705 780 Auctore
731 744 895 786 Phoebo,
921 749 977 777 ter
1003 749 1131 789 pereat
1158 743 1251 777 meis

588 804 744 839 Excisus
769 803 934 847 Argivis,
959 808 1016 837 ter
1041 813 1135 836 uxor

635 864 756 909 Capta
783 863 905 897 virum
931 873 1142 908 puerosque
1168 861 1299 907 ploret.

542 983 628 1016 Non
654 982 726 1015 hoc
752 981 900 1015 iocosae
925 981 1122 1015 conveniet
1149 980 1264 1025 lyrae.

399 1051 444 1085 70
541 1042 636 1086 Quo,
664 1042 784 1082 Musa,
809 1040 958 1074 tendis?
983 1040 1111 1074 desine
1137 1039 1313 1085 pervicax

587 1100 740 1135 Referre
767 1110 958 1134 sermones
982 1099 1140 1133 deorum
1166 1105 1203 1133 et

634 1160 773 1203 Magna
798 1159 922 1193 modis
947 1165 1101 1193 tenuare
1127 1157 1266 1204 parvis.

326 1323 351 1375 ᾗ
380 1334 413 1363 1.
448 1322 521 1362 DE
552 1331 702 1362 PRIMA
735 1329 966 1362 CARMINIS
998 1330 1165 1361 PARTE.
1201 1319 1584 1362 SENTENTIARUM

495 1408 739 1440 COGNITio.
774 1399 1135 1440 REFELLUNTUR
1166 1406 1419 1439 SINGULAE.

326 1533 364 1559 a.
399 1518 717 1573 Spectaverz'tne
740 1524 867 1572 poeta
900 1517 1052 1558 laudes
1082 1516 1289 1570 Augusti.

268 1625 389 1666 Solet
422 1625 620 1666 inscribi:
658 1624 746 1668 ‘Ad
781 1621 1059 1678 Augustum'.
1095 1623 1289 1664 Rectene
1323 1622 1365 1663 id
1392 1622 1468 1664 fiat
1495 1636 1550 1663 an
1579 1635 1703 1664 secus

209 1717 315 1743 mox
356 1703 611 1744 videbimus.
657 1703 794 1743 Recte
837 1700 1041 1754 intellego
1084 1714 1170 1740 non
1212 1700 1336 1754 quasi
1368 1700 1460 1752 ipse
1492 1699 1703 1740 Horatius

207 1794 332 1821 suam
365 1780 497 1821 odam
530 1780 705 1820 nomine
738 1778 930 1832 Augusti
963 1778 1171 1831 principis
1205 1777 1493 1831 inscripserit;
1528 1776 1605 1817 sed
1638 1777 1700 1817 in-

208 1857 514 1912 vestigandum
546 1864 612 1899 est
644 1857 769 1897 nobis
796 1856 1117 1910 spectaveritne
1144 1860 1276 1909 poeta
1303 1854 1386 1894 hoc
1413 1854 1512 1895 loco
1528 1853 1702 1895 laudem

209 1935 441 1988 praecipue
474 1935 686 1988 Principis
718 1947 869 1975 necne.

270 2011 544 2053 Clarissimus
586 2011 884 2052 Mommsenus
924 2034 982 2041 -—
1025 2024 1051 2051 a
1093 2010 1195 2050 Iove
1235 2009 1352 2050 enim
1395 2009 1584 2063 incipere
1616 2009 1702 2050 iam

210 2089 357 2130 docuit
399 2103 477 2129 nos
509 2089 720 2130 Horatius
757 2114 807 2118 -—
843 2089 1008 2142 primos
1041 2088 1167 2129 huius
1199 2087 1400 2128 carminis
1433 2100 1582 2128 versus
1615 2099 1702 2126 non

210 2167 351 2220 primo
383 2166 480 2207 loco
513 2167 658 2220 posuit
684 2180 826 2220 neque
852 2179 928 2206 eos
955 2172 1020 2206 est
1047 2165 1370 2218 interpretatus,
1400 2164 1480 2204 nisi
1499 2164 1540 2204 in
1558 2163 1702 2204 media

210 2245 384 2285 Iunonis
417 2245 625 2293 oratione,
661 2244 796 2298 (quod
823 2249 955 2296 caput
982 2256 1076 2282 esse
1102 2242 1222 2283 ducit
1239 2242 1373 2282 totius
1391 2239 1541 2292 odae);
1561 2253 1702 2294 neque

210 2321 350 2363 solum
388 2322 449 2362 uti
482 2328 635 2375 postea
667 2320 899 2361 dicendum
932 2320 1076 2360 denuo
1109 2319 1189 2360 erit
1221 2325 1322 2359 ante
1354 2318 1500 2358 omnia
1532 2317 1701 2371 opinari

210 2399 393 2452 videtur,
437 2398 669 2439 Horatium
711 2397 778 2438 vel
812 2397 949 2450 magis
982 2396 1166 2437 fortasse
1197 2401 1350 2436 contra
1382 2393 1626 2435 Antonium
1658 2399 1702 2435 et

213 2474 492 2528 Cleopatram
534 2489 667 2529 quam
709 2475 765 2515 ad
806 2474 980 2515 laudem
1020 2472 1250 2514 Octaviani
1287 2471 1368 2512 hos
1399 2485 1550 2512 versus
1583 2484 1701 2511 com-

212 2553 422 2605 posuisse,
449 2552 526 2592 sed
554 2552 738 2606 primam
765 2552 980 2605 poematis
1002 2557 1172 2604 partem
1187 2556 1328 2591 totam
1344 2562 1468 2589 suam
1487 2548 1701 2589 rationem

212 2629 381 2669 nonnisi
399 2642 456 2668 ex
474 2629 670 2683 sequenti
688 2629 848 2669 habere
862 2628 1002 2682 plane,
1021 2637 1068 2668 ut
1081 2627 1246 2680 opinor,
1262 2624 1489 2678 significat.
1508 2623 1701 2665 Omnino

212 2705 321 2745 haec
348 2712 447 2746 sunt
475 2705 796 2759 praemittenda
823 2711 870 2746 ut
898 2705 952 2745 de
981 2705 1173 2758 priorum
1195 2708 1403 2757 quattuor
1420 2701 1700 2754 stropharum

214 2783 572 2836 interpretatione
606 2782 866 2822 Mommseni
900 2781 1090 2822 iudicare
1123 2781 1351 2834 possimus.
1385 2778 1629 2819 Antonium
1658 2777 1700 2818 in

213 2860 359 2900 animo
391 2859 594 2899 habuisse
627 2859 850 2899 existimat
880 2859 945 2899 vir
978 2857 1239 2911 praeclarus,
1273 2862 1320 2897 ut
1352 2855 1531 2895 Troiam
1562 2861 1700 2896 trans-
