1955 3157
963 213 1015 253 61

236 341 313 382 das
336 342 584 384 offentliche
601 343 751 384 Leben
769 343 860 384 sich
878 343 1113 397 allerdings
1130 357 1207 384 aus
1224 343 1325 384 dem
1342 343 1732 397 vorhergehenden

235 419 391 473 ergibt.
437 420 542 462 Erst
574 421 687 461 nach
719 420 862 462 dieser
894 421 1195 474 Verheissung
1230 421 1333 462 wird
1368 421 1614 475 uberhaupt
1645 435 1732 462 von

235 496 321 537 den
363 497 606 550 Mysterien
647 498 840 551 geredet.
884 498 998 538 Dass
1040 497 1186 538 Horaz
1218 497 1288 538 die
1321 497 1732 551 Staatsangelegen-

236 573 384 615 heiten
416 574 512 616 hier
544 581 671 616 unter
703 575 803 616 dem
831 575 928 615 Bild
956 574 1178 628 religioser
1196 574 1503 616 Geheimlehre
1520 574 1730 624 darstellt,

236 651 466 704 geschieht
485 652 605 693 nicht
623 666 704 693 nur
721 666 794 693 um
812 653 889 693 der
908 652 1217 693 Feierlichkeit
1234 652 1322 692 und
1337 651 1733 705 Eindringlichkeit

236 727 377 768 willen
424 728 613 770 sondern
661 729 762 770 dass
803 743 851 770 er
894 728 986 770 sich
1029 728 1092 770 als
1125 729 1315 770 Priester
1347 730 1424 770 der
1456 729 1611 770 Musen
1644 729 1733 769 ein-

235 805 412 859 gefuhrt
443 806 521 848 hat
552 807 594 847 in
627 807 704 848 der
743 811 847 847 Isten
879 806 1070 861 Strophe
1103 807 1180 847 der
1219 810 1296 847 Iste
1324 806 1465 849 Ode.''
1495 807 1633 848 Recte
1659 830 1730 857 -,

235 888 369 937 atque
399 882 510 924 haec
541 890 642 925 sunt
674 884 835 925 omnia.

296 958 384 1001 Cur
415 960 521 1001 mihi
550 974 636 1001 non
665 962 930 1015 persuaserit
946 961 1285 1015 argumentatio,
1304 974 1438 1016 quam
1457 960 1732 1014 paucissimis

236 1037 392 1078 dicam.
438 1038 632 1079 Firmum
676 1039 840 1093 aliquid
877 1052 928 1079 ac
960 1038 1087 1079 valde
1119 1039 1293 1080 firmum
1327 1038 1655 1092 exspectabam,
1688 1043 1732 1079 et

236 1114 379 1155 adhuc
426 1115 641 1164 desidero,
690 1121 739 1156 ut
785 1115 1046 1170 significatio
1088 1115 1305 1171 quaedam
1349 1129 1405 1156 ex
1438 1116 1541 1169 ipsis
1574 1121 1732 1169 poetae

235 1191 379 1232 verbis
436 1191 554 1233 nullo
611 1193 744 1233 modo
791 1192 964 1233 elucens
1012 1194 1150 1234 inesse
1198 1199 1346 1234 tamen
1393 1192 1729 1234 demonstretur.

237 1269 418 1310 Frustra
464 1283 568 1310 vero
617 1269 703 1311 tale
746 1270 851 1325 quid
892 1270 1087 1325 quaesivi
1129 1270 1171 1310 in
1213 1270 1263 1310 iis
1295 1283 1408 1325 quae
1440 1270 1730 1324 transscripsi.

236 1346 377 1387 Immo
406 1347 447 1387 in
473 1348 730 1388 memoriam
750 1348 906 1388 iterum
925 1354 1102 1389 revocat
1119 1348 1185 1388 vir
1201 1348 1479 1388 doctissimus
1497 1347 1729 1388 Horatium

235 1423 475 1466 sacerdotis
508 1438 638 1479 agere
670 1425 858 1466 voluisse
890 1431 1050 1478 partes,
1084 1431 1128 1465 at
1161 1438 1249 1465 non
1282 1425 1451 1466 addidit
1477 1438 1602 1465 sacra
1630 1438 1730 1465 eum

235 1502 375 1556 egisse
422 1515 570 1542 coram
618 1502 857 1555 virginibus
904 1503 1148 1557 puerisque.
1193 1502 1433 1543 Prudenter
1475 1515 1579 1542 vero
1622 1501 1730 1542 haec

235 1579 394 1629 omisit,
449 1593 561 1634 quae
607 1580 868 1620 sententiam
916 1593 1040 1621 suam
1088 1580 1227 1633 magis
1274 1579 1550 1620 debilitarent
1596 1592 1729 1633 quam

235 1656 556 1699 confirmarent.
606 1657 720 1697 Nam
768 1656 967 1711 profecto
1014 1656 1309 1710 explicatione
1350 1656 1554 1706 admissa,
1597 1669 1730 1711 quam

235 1733 289 1774 de
330 1734 480 1788 primis
514 1734 594 1774 illis
627 1734 754 1774 huius
786 1734 988 1775 carminis
1022 1734 1214 1788 strophis
1247 1733 1528 1787 protulimus:
1562 1733 1730 1774 inflam-

235 1825 355 1852 mare
396 1817 573 1865 poetam
607 1812 876 1853 iuventutem
910 1812 1066 1852 ardore
1097 1811 1290 1866 quodam
1322 1825 1447 1852 sacro
1481 1810 1730 1865 impellente

234 1889 290 1929 ad
323 1902 390 1929 res
418 1902 599 1943 magnas
617 1888 662 1943 1>,
689 1913 747 1918 -
773 1890 870 1943 quis
892 1895 958 1929 est
974 1889 1047 1943 qui
1065 1888 1216 1929 credat
1233 1889 1411 1929 eosdem
1429 1901 1588 1942 pueros
1605 1887 1730 1928 intel-

233 1966 392 2007 lexisse
424 1966 567 2007 ieiuna
593 1966 833 2007 admodum
863 1967 1029 2007 monita
1056 1966 1110 2006 de
1136 1966 1217 2007 ista
1237 1963 1626 2018 „Steuerhebung”
1645 1979 1653 2015 ;
1671 1988 1729 1994 —

232 2043 301 2084 vel
332 2044 367 2083 si
399 2043 505 2084 facis
537 2056 636 2083 cum
667 2043 929 2097 Kreppelio:
959 2043 1013 2083 de
1032 2056 1118 2083 non
1136 2043 1436 2096 improbandis
1455 2042 1729 2096 Principatus

232 2121 590 2162 institutionibus.
619 2145 677 2150 —
706 2120 749 2162 Si
773 2121 869 2175 quis
887 2119 1168 2161 insulsissime
1184 2133 1354 2173 pannos
1372 2120 1526 2174 pannis
1543 2120 1729 2160 assuisse

234 2198 468 2239 Horatium
499 2197 616 2252 velit,
650 2198 755 2239 talia
787 2198 936 2252 utique
969 2197 1093 2238 facile
1119 2197 1281 2239 credet.
1310 2197 1446 2238 Porro
1463 2197 1582 2251 quod
1599 2209 1729 2237 voces

234 2275 434 2317 adhibuit
481 2275 678 2326 incestus,
729 2275 906 2329 integer,
955 2275 1164 2325 scelestus,
1214 2288 1465 2329 poenasque
1506 2274 1729 2328 praedixit

233 2353 351 2394 Iovis
397 2367 484 2394 non
526 2353 635 2394 deae
669 2352 840 2394 Cereris
872 2353 1045 2402 sororis,
1079 2352 1123 2392 id
1154 2352 1428 2393 demonstret
1459 2375 1517 2381 -—
1549 2365 1627 2406 per
1658 2365 1728 2392 me

232 2431 333 2472 licet
381 2455 436 2461 —-
479 2444 565 2471 non
609 2431 821 2484 mysteria
861 2429 1129 2484 significasse
1161 2435 1352 2484 poetam,
1386 2443 1412 2470 a
1442 2442 1548 2470 vero
1578 2436 1728 2470 tamen

232 2508 437 2549 aberrare
483 2508 656 2549 videtur
703 2507 808 2548 mihi
856 2507 939 2558 ille,
987 2508 1060 2562 qui
1104 2507 1301 2548 versibus
1343 2505 1646 2560 mythologiae
1677 2519 1729 2546 ac

232 2585 453 2639 religionis
495 2585 633 2639 plenis
673 2584 963 2639 pauperculos
995 2584 1263 2625 commoneri
1296 2583 1390 2625 vult
1421 2589 1728 2637 procuratores

233 2661 302 2703 vel
333 2662 377 2703 in
409 2675 455 2703 re
487 2662 662 2716 publica
693 2661 911 2703 curiosos!

286 2827 318 2870 1)
344 2825 401 2861 Cf.
427 2836 541 2872 supra
568 2836 651 2871 pag.
680 2835 831 2870 24—25.
