1955 3157
927 263 1003 305 172

1639 339 1661 361 a
1690 355 1698 363 .

342 386 366 436 ᾗ
403 392 437 435 5.
475 382 643 436 Quibus
666 383 866 425 laudibus
886 384 1094 426 Horatius
1113 385 1356 427 laudaverit
1374 387 1580 428 virtutem
1613 338 1693 440 p5gl

343 463 366 514 ξ
399 462 439 503 6.
472 461 540 501 De
571 474 704 503 carm.
740 461 792 503 ΙΙ.
827 461 1018 515 strophis
1051 463 1165 514 7——8
1201 494 1578 506 ......
1646 474 1698 517 57

475 552 515 578 a.
549 537 873 579 Sententiarum
907 540 1098 592 cognitio
1127 571 1580 583 .......
1647 551 1698 594 57

476 614 511 656 b.
552 615 784 669 Scriptoris
818 617 1033 657 sententia
1053 648 1579 660 ........
1643 617 1698 670 67

474 706 506 732 c.
550 692 617 732 De
649 693 801 746 poenis
829 725 1578 737 ...........
1643 705 1700 747 70

345 770 368 821 ὃ
401 779 438 820 7,
474 768 707 810 Conclusio
756 801 1580 814 ............
1644 782 1701 824 70

343 847 366 899 §
400 848 437 887 8.
473 846 668 887 Additur
699 846 826 888 huius
859 848 1100 888 sententiae
1134 861 1246 888 nova
1278 848 1580 889 confirmatio.
1644 859 1694 902 71

212 964 373 1006 CAPUT
392 966 466 1008 III.
500 969 576 1009 De
608 968 845 1010 Carmine
874 969 1052 1010 Tertio
1128 998 1581 1009 .......
1644 976 1698 1020 72

343 1043 366 1094 §
405 1054 437 1082 1.
472 1042 540 1082 De
571 1043 711 1097 prima
743 1043 945 1083 carminis
979 1043 1055 1084 ΙΙΙ.
1088 1050 1224 1097 parte.
1259 1043 1581 1086 Sententiarum

475 1120 681 1173 cognitio.
716 1120 988 1161 Refelluntur
1021 1120 1217 1173 singulae
1275 1153 1582 1163 .....
1644 1131 1700 1174 74

475 1211 515 1238 a.
549 1196 879 1250 Spectaveritne
912 1203 1043 1250 poeta
1076 1197 1224 1238 laudes
1257 1197 1449 1251 Augusti
1499 1230 1508 1240 .
1571 1230 1581 1240 .
1645 1208 1701 1250 74

477 1274 512 1315 b.
553 1274 883 1327 Spectaveritne
916 1281 1048 1328 poeta
1081 1275 1238 1328 Reguli
1271 1274 1435 1316 laudes.
1499 1307 1507 1316 .
1573 1310 1580 1317 .
1646 1277 1702 1327 84

476 1365 508 1392 c.
553 1351 882 1405 Spectaveritne
915 1358 1046 1405 poeta
1078 1352 1227 1393 laudes
1261 1352 1441 1394 Catonis
1499 1385 1508 1394 .
1572 1385 1582 1394 .
1646 1353 1702 1393 86

476 1429 517 1469 d.
554 1428 787 1482 Scriptoris
820 1429 1036 1469 sententia
1056 1460 1578 1472 ........
1646 1431 1699 1482 87

343 1506 366 1558 §
400 1517 438 1546 2.
473 1506 648 1546 Iunonis
680 1506 835 1546 oratio.
865 1506 1130 1559 Interpretes
1156 1506 1407 1548 dividuntur
1434 1507 1476 1546 in
1495 1512 1583 1547 tres

478 1583 636 1623 classes
686 1615 1580 1626 .............
1646 1585 1699 1624 88

477 1674 517 1700 a.
552 1660 619 1700 De
662 1661 726 1713 iis,
769 1661 843 1714 qui
877 1660 1129 1701 historicam
1162 1660 1341 1702 tradunt
1373 1661 1584 1714 interpre-

552 1737 764 1778 tationem
832 1769 1580 1780 ...........
1646 1738 1698 1777 88

480 1815 516 1857 b.
554 1815 622 1855 De
670 1815 734 1867 iis,
781 1816 855 1869 qui
904 1816 1114 1856 moralem
1161 1815 1340 1857 tradunt
1373 1816 1583 1869 interpre-

553 1892 764 1933 tationem
832 1924 1581 1935 ...........
1644 1904 1701 1946 99

479 1984 510 2009 c.
555 1969 622 2009 De
680 1970 741 2018 iis,
800 1969 873 2023 qui
921 1969 976 2010 ad
1023 1970 1206 2011 verbum
1254 1970 1366 2010 hanc
1414 1976 1583 2022 partem

553 2047 895 2099 interpretantur
909 2077 1583 2088 ..........
1623 2057 1700 2087 102

479 2124 520 2166 d.
556 2123 788 2177 Scriptoris
821 2124 1036 2165 sententia
1055 2154 1581 2166 ........
1622 2133 1698 2176 105

216 2234 378 2277 CAPUT
397 2236 471 2276 IV.
505 2238 580 2279 De
611 2238 849 2280 Carmine
879 2238 1074 2292 Quarto
1130 2266 1581 2278 .......
1623 2245 1700 2288 107

349 2314 372 2364 ὃ
411 2325 443 2353 1.
478 2312 779 2353 Cohaereatne
852 2326 1026 2353 carmen
1088 2313 1164 2353 IV.
1232 2327 1331 2354 cum
1393 2313 1584 2354 carmine

481 2390 704 2442 superiore
762 2421 1584 2432 ............
1623 2401 1637 2429 1
1652 2400 1703 2430 10

350 2468 374 2518 ξ
408 2478 445 2506 2.
481 2465 694 2507 Carminis
725 2467 997 2519 significatio.
1034 2467 1322 2508 Consentiunt
1353 2466 1441 2507 fere
1474 2467 1585 2507 inter

484 2556 529 2582 se
561 2543 639 2582 viri
674 2543 790 2584 docti
835 2575 1581 2586 ...........
1623 2554 1697 2583 111

351 2620 374 2670 ᾗ
410 2631 446 2670 3.
482 2619 752 2661 Refelluntur
785 2620 824 2669 ii,
858 2621 931 2674 qui
964 2627 1105 2662 totum
1138 2634 1312 2661 carmen
1345 2627 1461 2661 stare
1488 2633 1584 2673 per-

485 2697 635 2736 hibent
668 2697 710 2736 in
742 2696 870 2738 laude
902 2697 1092 2750 Augusti
1133 2727 1583 2739 .......
1623 2706 1704 2746 114

353 2774 376 2825 §
408 2784 449 2823 4.
483 2772 791 2814 Cantaveritne
840 2773 1126 2814 Clementiam
1175 2779 1319 2827 poeta.
1352 2772 1585 2825 Scriptoris

485 2851 697 2890 sententia
765 2881 1583 2892 ............
1624 2860 1636 2888 1
1655 2858 1700 2900 17
