1955 3157
983 271 1064 312 134

332 389 626 432 Confirmatur
655 391 769 431 enim
799 391 948 444 opinio
974 396 1123 432 nostra
1152 391 1348 432 versibus
1365 392 1566 445 proxime
1584 405 1767 446 sequen-

270 468 387 510 tibus
417 468 528 518 „hoc
556 473 732 509 caverat
760 481 882 508 mens
906 467 1101 521 provida,
1121 474 1165 509 et
1182 481 1223 521 q.
1242 468 1305 508 s.’'
1325 469 1386 509 uti
1404 468 1659 510 videbimus.
1677 468 1766 511 Sed

270 546 499 587 audiamus
541 546 682 586 virum
716 545 1016 586 doctissimum
1049 544 1367 586 Sabbadinium
1400 546 1473 599 qui
1506 546 1569 586 sic
1600 547 1763 600 pergit:

271 623 475 675 „13—56
503 622 578 663 Ma
606 622 695 676 (qui
725 622 752 662 il
776 629 908 675 poeta
925 622 1096 663 cambia
1112 623 1236 675 tono)
1254 623 1352 676 quei
1371 622 1529 664 soldati
1547 629 1767 676 potevano

269 700 354 741 ben
401 700 566 741 evitare
613 699 656 740 di
703 705 939 752 perpetuar
986 699 1133 748 l'onta,
1183 700 1407 753 seguendo
1453 699 1677 754 l'esempio
1723 700 1767 741 di

269 777 483 830 Regulo''.
548 776 596 816 In
654 776 811 829 quibus
875 776 1021 829 aliqua
1069 782 1168 816 sunt
1215 776 1453 826 verissima,
1503 782 1550 818 ut
1596 777 1765 830 opinor,

270 868 382 907 quae
413 861 561 896 tamen
595 854 753 894 rectius
786 859 1022 906 potuerunt
1054 853 1336 907 promulgari.
1371 852 1488 906 Quid
1521 854 1635 894 enim
1662 853 1767 894 illud

271 931 522 985 „seguendo
563 930 790 984 l'esempio
836 929 879 970 di
922 930 1150 983 Regulo?''
1196 930 1336 970 Nimis
1367 944 1472 971 sane
1506 930 1769 984 generaliter

268 1009 354 1049 tale
387 1009 490 1062 quid
523 1008 693 1059 dicitur,
725 1008 933 1062 varieque
960 1022 985 1048 a
1011 1008 1142 1048 variis
1171 1014 1316 1062 potest
1334 1008 1555 1062 explicari.
1575 1008 1767 1049 Primum

268 1099 374 1126 vero
421 1086 539 1139 quod
585 1085 774 1126 habetur
824 1092 1071 1138 „potevano
1114 1085 1198 1125 ben
1242 1085 1406 1126 evitare
1449 1085 1491 1126 di
1534 1093 1768 1140 perpetuar

267 1163 432 1204 l'onta’'
481 1163 630 1204 statim
678 1162 865 1203 admitto
912 1163 947 1202 si
991 1163 1207 1203 concedas
1251 1163 1356 1202 mihi
1398 1162 1631 1217 legendum
1674 1177 1768 1204 esse

269 1247 370 1281 ante
412 1240 581 1280 omnia:
625 1239 668 1280 di
701 1246 936 1293 perpetuar
968 1239 1104 1280 l'onta
1135 1254 1226 1292 sua,
1261 1240 1360 1280 dein
1393 1241 1456 1281 uti
1487 1240 1582 1281 luce
1613 1240 1768 1282 clarius

270 1317 454 1372 patet(!>
486 1331 566 1371 per
597 1317 710 1357 hanc
743 1331 866 1358 suam
899 1317 1122 1358 infamiam
1151 1317 1319 1371 patriae
1337 1331 1512 1372 quoque
1532 1318 1692 1367 „onta”
1716 1342 1768 1348 —

269 1409 371 1436 nam
419 1408 570 1435 eorum
617 1395 855 1448 ignominia
895 1395 938 1435 in
981 1395 1075 1447 ipsa
1118 1395 1271 1435 iniuria
1301 1395 1469 1449 patriae
1502 1394 1633 1436 allata
1665 1409 1768 1436 con-

269 1474 395 1514 sistit.
432 1496 484 1501 -—
519 1472 617 1512 Hoc
649 1477 795 1511 autem
828 1484 916 1511 non
942 1471 1064 1511 dz'xz't
1089 1471 1311 1512 Horatius.
1342 1471 1453 1512 Cum
1481 1472 1621 1525 prima
1638 1472 1768 1525 igitur

273 1549 527 1591 Sabbadinii
577 1549 862 1602 expositionis
911 1555 1036 1602 parte
1079 1562 1357 1603 nequaquam
1399 1548 1542 1589 facere
1573 1562 1767 1602 possum,

271 1641 369 1668 cum
416 1627 555 1668 altera
601 1631 815 1679 quatenus
862 1625 967 1675 dixi,
1019 1625 1158 1674 „nelle
1204 1631 1271 1666 tre
1318 1626 1459 1679 prime
1504 1625 1686 1679 strophe
1732 1626 1766 1666 si

270 1718 436 1757 augura
481 1703 522 1744 la
565 1703 765 1744 rivincita
799 1703 863 1743 sui
897 1702 1026 1751 Parti,
1064 1702 1173 1743 nelle
1206 1702 1315 1743 altre
1349 1709 1650 1756 contrappone
1683 1702 1768 1743 alla

271 1781 377 1822 vilta
419 1781 488 1821 dei
532 1780 783 1834 prigionieri
825 1780 1043 1820 l'eroismo
1076 1780 1119 1820 di
1153 1779 1367 1833 Regulo”.
1408 1779 1655 1820 Dicendum
1688 1780 1767 1821 fuit

272 1871 475 1912 quoque:
524 1857 633 1898 nelle
678 1869 699 1909 3
735 1871 798 1910 pr.
833 1863 907 1898 str.
943 1870 1172 1910 proppone
1203 1857 1245 1897 la
1277 1856 1383 1898 vilta
1414 1856 1483 1897 dei
1517 1857 1766 1910 prigionieri

272 1935 382 1976 nelle
414 1934 524 1975 altre
555 1959 613 1964 -—
645 1948 681 1975 e.
701 1949 742 1988 q.
763 1948 796 1974 s.

330 2010 582 2064 Iurenka1>,
630 2012 703 2065 qui
749 2011 860 2052 solet
907 2011 950 2051 in
997 2010 1175 2064 singulis
1218 2011 1311 2051 odis
1353 2011 1625 2065 explicandis
1667 2024 1766 2051 cum

272 2090 494 2143 ingeniose
537 2089 682 2143 aliqua
723 2089 766 2129 in
809 2088 950 2129 lucem
983 2088 1179 2141 proferre
1212 2088 1340 2129 laude
1372 2089 1639 2142 dignissima,
1672 2095 1766 2129 tum

273 2166 418 2220 aliqua
454 2166 632 2206 omnino
665 2165 949 2219 repudianda,
983 2166 1054 2206 hic
1086 2179 1260 2219 quoque
1291 2165 1372 2205 sibi
1405 2171 1591 2206 constat.
1624 2165 1767 2206 Reicit

273 2243 507 2296 imprimis:
540 2243 636 2291 „die
661 2241 863 2283 Politik''.
883 2266 940 2272 —
958 2242 1071 2283 Dein
1089 2243 1349 2283 sententiam
1368 2242 1534 2296 profert
1551 2242 1765 2283 Teuberi:

275 2321 499 2373 „Regulus
545 2319 659 2360 habe
706 2319 968 2360 verhindern
1020 2320 1186 2369 wollen,
1231 2320 1332 2360 dasz
1375 2319 1621 2373 uberhaupt
1647 2319 1692 2373 je
1723 2319 1767 2359 in

275 2398 390 2437 Rom
422 2397 492 2437 die
525 2396 713 2437 Ansicht
740 2410 814 2437 zur
842 2396 1034 2449 Geltung
1061 2397 1258 2450 gelange,
1284 2397 1386 2437 dasz
1404 2410 1505 2437 man
1523 2396 1766 2449 gefangene

274 2474 511 2514 Romische
554 2473 734 2515 Soldate
777 2474 890 2514 noch
934 2474 1001 2514 fur
1044 2474 1210 2514 Romer
1246 2473 1394 2514 halten
1427 2473 1584 2514 kenne.
1617 2471 1767 2513 Daher

274 2550 388 2590 habe
426 2564 472 2590 er
504 2551 573 2590 die
607 2550 861 2604 Auslosung
893 2551 1119 2591 derselben
1150 2564 1226 2591 aus
1260 2530 1580 2592 Staatsm'itteln
1613 2548 1766 2589 wider-

276 2628 439 2668 raten’'.
475 2626 599 2680 Quae
633 2627 667 2667 si
701 2627 856 2680 Reguli
885 2629 1128 2668 orationem
1157 2633 1328 2681 spectas
1355 2626 1506 2676 solam,
1530 2639 1634 2666 vera
1650 2632 1763 2669 sunt.

275 2702 539 2743 Timendum
571 2710 717 2744 autem
751 2718 803 2744 ne
835 2704 919 2744 hoc
950 2710 1257 2758 argumentum
1289 2704 1393 2744 dum
1420 2703 1679 2753 consideres,
1709 2701 1765 2742 ad

329 2867 360 2909 1)
386 2865 481 2899 Vide
506 2866 556 2900 1.1.
582 2877 666 2910 pag.
693 2876 760 2909 302
787 2877 868 2911 sqq.
