1955 3157
931 254 986 293 44

205 373 398 415 civibus''
418 374 462 427 1).
497 373 736 427 Egregium
767 372 1038 426 gubernandi
1071 372 1247 421 donum,
1278 371 1384 412 alias
1410 371 1555 426 plures
1572 373 1697 427 probi

204 451 335 492 animi
366 450 669 505 splendidique
701 450 859 503 ingenii
888 449 1014 490 dotes
1041 462 1194 489 causas
1223 448 1353 490 fuisse
1380 462 1456 490 cur
1483 449 1699 492 floruisset

204 529 293 569 Res
327 528 515 578 Publica,
549 541 624 568 cur
650 527 829 569 tandem
857 532 971 567 esset
997 525 1114 567 facta
1141 525 1257 566 orbis
1275 533 1487 567 terrarum
1505 527 1696 583 domina,

204 605 288 646 hoc
321 619 449 646 nemo
481 604 701 646 nesciebat
733 604 972 644 Romanus.

264 681 395 736 Quod
436 683 567 736 igitur
608 682 720 723 dixit
754 681 994 734 Seligerus:
1031 682 1137 731 „mit
1169 681 1247 722 der
1279 681 1535 735 Tapferkeit
1566 682 1696 736 greist

204 760 281 800 der
328 760 512 800 Dichter
557 759 636 800 auf
677 759 802 799 einen
846 759 922 798 der
964 757 1410 800 hervorstehendsten
1453 758 1604 813 Ziigen
1636 760 1694 800 im

204 837 366 877 Wesen
408 837 486 877 der
528 837 692 877 Romer
733 836 922 876 zuruck''
957 835 1000 876 id
1032 835 1149 876 nullo
1182 835 1315 876 modo
1347 836 1510 878 dirimit
1542 850 1695 890 quaes-

203 914 378 954 tionem.
424 913 509 967 Qui
553 913 734 953 nimium
766 913 1040 954 demonstrat
1072 913 1177 953 nihil
1210 913 1494 954 demonstrat.
1529 912 1693 968 Atque,

203 996 251 1031 ut
283 991 343 1031 ait
376 990 543 1032 Seneca
560 991 605 1043 2),
639 991 842 1031 vitiosum
875 996 941 1030 est
973 990 1133 1045 ubique
1167 989 1285 1043 quod
1317 990 1497 1031 nimium
1531 996 1609 1032 est.

263 1067 350 1109 Sed
369 1068 594 1108 videamus
611 1067 716 1122 quid
734 1067 887 1108 afferat
899 1067 1021 1108 nobis
1036 1067 1144 1108 alius
1156 1066 1320 1107 assecla
1333 1067 1458 1108 huius
1471 1067 1694 1108 doctrinae

203 1145 403 1186 Iurenka.
447 1145 496 1185 In
535 1145 619 1186 fine
650 1159 753 1186 suae
785 1145 1071 1186 enarrationis
1102 1144 1333 1185 conciliare
1364 1145 1476 1185 inter
1508 1158 1552 1185 se
1585 1143 1695 1185 velle

202 1222 376 1263 videtur
401 1223 543 1263 varias
571 1223 819 1264 sententias.
849 1221 1128 1276 Quamquam
1146 1222 1188 1262 in
1206 1222 1300 1275 ipsa
1317 1222 1695 1275 argumentatione

201 1299 278 1339 vix
318 1305 393 1340 aut
435 1313 489 1339 ne
519 1300 596 1340 vix
626 1300 804 1354 quidem
836 1313 862 1340 a
894 1298 1156 1339 Mommseni
1189 1299 1484 1352 disputatione
1518 1299 1693 1340 recedit.

202 1376 356 1431 Itaque
384 1376 467 1426 ,‚V.
504 1386 685 1428 17—-20,
705 1377 858 1431 inquit,
877 1375 1071 1417 schwebt
1088 1376 1188 1416 dem
1208 1376 1390 1417 Dichter
1407 1376 1476 1416 die
1493 1376 1695 1417 Romana

201 1455 338 1494 virtus
375 1454 723 1495 ausschlieszlich
756 1455 799 1495 in
831 1455 909 1495 der
942 1453 1120 1508 Species
1152 1454 1228 1494 der
1261 1454 1415 1494 bellica
1445 1454 1583 1494 virtus
1615 1466 1695 1494 vor

203 1531 378 1584 Augen.
414 1532 497 1572 Die
538 1538 672 1572 worte
706 1531 932 1585 „repulsae
963 1531 1109 1571 nescia
1142 1530 1373 1571 sordidae''
1407 1531 1607 1571 erinnern
1638 1543 1694 1571 an

202 1608 280 1649 das
328 1609 550 1650 Deutsche
594 1609 910 1650 Dichterwort:
949 1609 1026 1652 ,Im
1070 1608 1203 1648 Felde
1245 1608 1301 1648 da
1345 1609 1398 1649 ist
1441 1607 1518 1648 der
1559 1608 1694 1648 Mann

204 1686 315 1727 noch
362 1692 496 1727 etwas
543 1683 674 1727 wert'.
719 1686 820 1726 Non
862 1686 1050 1726 advertit
1090 1686 1156 1726 vir
1198 1685 1353 1726 doctus
1384 1699 1516 1740 quam
1549 1685 1694 1738 inepte

201 1762 270 1803 ille
302 1777 451 1804 versus
483 1763 568 1803 hoc
600 1764 696 1804 loco
729 1764 941 1805 laudetur.
976 1763 1150 1804 Etenim
1185 1776 1282 1803 cum
1316 1776 1368 1803 eo
1399 1776 1625 1803 versamur
1651 1762 1693 1802 in

201 1839 361 1881 circulo
408 1854 539 1894 quem
585 1847 744 1881 vocant
790 1841 961 1882 vitioso.
1008 1840 1182 1880 Nemini
1231 1839 1375 1880 hercle
1416 1840 1459 1880 in
1502 1845 1693 1881 mentem

200 1918 346 1958 veniat
379 1916 586 1958 Germani
619 1918 729 1958 illius
761 1918 939 1970 dictum,
974 1918 1052 1958 nisi
1085 1918 1122 1958 ei
1150 1918 1216 1958 cui
1245 1917 1331 1958 iarn
1358 1917 1413 1958 sit
1439 1930 1693 1970 persuasum

202 1993 388 2038 ‘virtute'
426 1995 658 2049 significari
701 1995 1038 2045 Fortitudinem,
1081 2008 1266 2049 eamque
1297 1995 1448 2037 solam.
1482 2018 1540 2024 —
1573 1995 1693 2044 „Der

202 2072 385 2113 Dichter
413 2072 549 2113 denkt
576 2072 723 2122 daran,
754 2071 857 2113 dasz
878 2073 948 2113 die
966 2073 1102 2113 virtus
1120 2072 1195 2113 des
1214 2072 1537 2126 Kriegshelden
1554 2072 1692 2113 durch

202 2150 292 2190 sich
321 2149 448 2190 allein
477 2150 693 2199 erstrahlt‚
724 2149 826 2190 dasz
853 2150 914 2190 sie
932 2149 1060 2190 allein
1078 2163 1123 2190 es
1140 2150 1206 2199 ist,
1227 2150 1297 2190 die
1316 2149 1692 2203 ungeschmalerte

202 2226 535 2280 Anerkennung
567 2227 714 2277 findet,
749 2227 849 2267 dasz
882 2227 951 2267 die
979 2227 1252 2280 Volksgunst
1280 2227 1379 2266 dem
1407 2225 1691 2267 Schlachten-

202 2302 358 2343 helden
401 2309 508 2344 stets
551 2304 683 2358 willig
724 2305 807 2345 den
850 2304 1044 2344 Lorbeer
1084 2317 1156 2344 um
1189 2304 1258 2344 die
1291 2303 1435 2344 Stirne
1468 2303 1601 2344 flicht.
1633 2326 1691 2332 —

202 2380 250 2420 In
278 2381 346 2421 his
373 2381 407 2421 si
429 2381 526 2435 quis
542 2387 800 2435 argumenta
817 2382 1008 2422 inveniat
1025 2381 1226 2435 equidem
1245 2394 1456 2434 perquam
1475 2379 1688 2420 mirabor!

203 2458 433 2498 Praeterea
464 2459 559 2512 quis
595 2472 681 2499 non
714 2459 834 2499 videt
866 2459 962 2512 plus
990 2459 1084 2499 falsi
1112 2460 1250 2499 inesse
1277 2459 1320 2498 in
1347 2458 1397 2497 iis
1423 2470 1556 2511 quam
1573 2457 1690 2497 veri?

203 2534 265 2575 Ut
321 2534 405 2575 hoc
461 2540 631 2575 tantum
691 2549 864 2589 rogem:
914 2536 1164 2576 Fueruntne
1211 2535 1454 2575 intaminati
1501 2534 1689 2574 honores

202 2611 396 2650 omnium
460 2611 629 2652 illorum
692 2612 883 2651 virorum
945 2611 1058 2652 bello
1120 2611 1299 2665 quidem
1355 2610 1688 2652 fortissimorum

254 2776 286 2817 1)
312 2775 369 2808 De
395 2776 450 2809 Re
477 2775 582 2811 Publ.
610 2776 636 2809 Ι.
663 2776 839 2818 XXXIV,
867 2783 920 2820 52.

251 2853 286 2894 2)
313 2852 368 2885 De
393 2852 534 2896 Tranq.
559 2853 629 2886 An.
656 2863 686 2886 c.
712 2862 745 2896 9.
