1955 3157
931 241 1012 281 114

316 363 341 415 ξ
361 373 397 414 3.
432 362 792 403 REFELLUNTUR
825 371 871 411 11,
907 370 989 411 QUI
1021 369 1187 401 TOTUM
1219 369 1420 401 CARMEN
1452 369 1603 401 STARE

554 448 828 481 PERHIBENT
859 448 911 479 IN
942 447 1103 479 LAUDE
1135 437 1371 479 AUGUSTI.

273 551 493 602 Nonnulli,
527 553 589 593 uti
622 558 757 606 patet,
791 551 983 604 Augusti
1015 550 1189 591 laudern
1221 550 1498 604 suspicantur
1524 550 1708 591 abscon-

213 630 349 670 ditam
396 629 557 684 ubique
605 630 647 670 in
694 634 912 683 poemate.
962 628 1058 668 Etsi
1106 629 1202 681 quis
1245 627 1386 669 facere
1429 633 1577 681 potest
1608 641 1707 668 cum

213 705 409 760 Seligero
428 708 474 760 1),
507 708 580 760 qui
613 706 873 760 prudenter:
909 705 1038 755 „dasz
1067 705 1213 746 Horaz
1241 705 1369 746 dabei
1396 719 1451 746 an
1479 705 1708 758 Augustus

213 785 404 838 gedacht
460 785 550 834 hat,
608 784 707 824 thut
763 784 841 824 der
898 783 1205 836 Allgemeinen
1258 782 1504 836 Gultigkeit
1551 782 1708 823 keinen

213 861 471 911 Abbruch'’‚
521 862 699 902 minime
738 867 886 903 tamen
929 860 998 901 ille
1039 861 1228 902 insanire
1269 868 1335 902 est
1379 861 1600 911 dicendus,
1635 860 1708 913 qui

212 939 448 980 contendat
481 938 733 992 Augustum
761 944 969 992 quattuor
995 937 1172 992 quidem
1200 938 1396 979 versibus
1422 937 1645 988 celebrari,
1666 938 1708 978 in

213 1017 380 1069 reliquo
411 1030 516 1057 vero
548 1017 741 1057 carmine
772 1016 912 1057 nullas
944 1029 1122 1069 prorsus
1153 1029 1284 1069 agere
1315 1022 1475 1069 partes.

272 1094 503 1134 Hiemerus
522 1092 553 1147 εΞ)
585 1101 822 1147 antequam
849 1093 1090 1148 quidquam
1119 1093 1406 1147 explicaverit
1428 1093 1547 1134 hisce
1563 1092 1709 1134 verbis

212 1173 463 1213 exorditur:
514 1171 626 1220 „Die
674 1170 918 1212 Clementia
959 1171 1035 1212 des
1078 1170 1307 1224 Augustus
1348 1185 1400 1212 zu
1442 1170 1576 1212 feiern
1619 1183 1709 1211 war

213 1250 340 1290 keine
372 1249 530 1290 leichte
563 1249 814 1302 Ausgabe.''

275 1327 407 1376 „Wer
449 1326 527 1367 auf
559 1325 926 1367 Grausamkeiten
959 1325 1296 1367 zuru'ckblicken
1329 1326 1495 1367 konnte
1527 1326 1607 1367 wie
1637 1325 1709 1366 die

213 1405 566 1458 Proscriptionen
593 1404 669 1444 des
697 1404 876 1444 zweiten
899 1403 1222 1445 Triumviratus
1238 1403 1345 1444 oder
1362 1404 1431 1444 die
1447 1403 1709 1444 Menschen-

212 1482 480 1523 hekatombe
507 1496 557 1522 zu
577 1481 775 1523 Perusia:
794 1494 883 1521 wer
901 1481 985 1521 den
1002 1480 1141 1522 Vater
1158 1481 1237 1521 mit
1255 1480 1355 1521 dem
1373 1479 1521 1522 Sohne
1539 1494 1612 1521 um
1629 1479 1709 1520 das

212 1560 362 1600 Leben
395 1559 586 1609 wurflen‚
617 1572 704 1600 wer
732 1559 802 1599 die
829 1557 1108 1599 Wortfuhrer
1132 1557 1479 1598 aufstandischer
1497 1556 1709 1598 Soldaten

212 1636 382 1691 spurlos
414 1636 744 1678 verschwinden
777 1635 902 1676 liess''
919 1650 928 1687 3
963 1649 1049 1676 wer
1067 1667 1076 1676 .
1097 1667 1106 1677 .
1127 1671 1136 1680 .
1169 1642 1266 1685 etc.,
1296 1641 1377 1676 ete.
1406 1634 1708 1676 —Sufficiunt

213 1714 339 1755 sane!
370 1738 421 1744 —
447 1715 482 1755 is
500 1713 756 1754 clementiae
773 1726 904 1753 causa
921 1713 996 1753 vix
1015 1719 1117 1766 apte
1134 1712 1395 1753 laudabitur.
1414 1711 1708 1752 Nihilominus

213 1793 304 1845 ipse
328 1792 526 1845 scriptor,
546 1791 619 1844 qui
636 1790 786 1831 sedulo
805 1791 1010 1844 principis
1027 1790 1221 1831 facinora
1238 1790 1471 1843 congessit,
1490 1789 1648 1843 pieque
1661 1788 1707 1840 (!)

213 1884 264 1910 ea
277 1875 484 1918 recenset,
496 1868 792 1922 praeiudicata
804 1868 983 1908 omnino
997 1868 1212 1921 opinione,
1224 1867 1480 1921 sibimetipsi
1493 1866 1709 1920 persuasit

214 1947 325 1987 illius
352 1947 431 1986 viri
459 1946 736 1986 clementiam
763 1945 847 1985 hoc
874 1945 1067 1985 carmine
1094 1958 1180 1985 non
1210 1957 1338 1998 posse
1365 1957 1452 1984 non
1470 1943 1706 1984 decantari.

273 2024 677 2073 Verumenimvero,
715 2046 768 2053 —-
800 2022 917 2064 dicat
949 2022 1104 2076 aliquis
1136 2046 1194 2052 -——
1226 2021 1403 2075 quando
1430 2022 1542 2062 inter
1558 2034 1708 2062 versus

213 2102 439 2155 octoginta
493 2106 701 2154 quattuor
757 2106 965 2141 notantur
1011 2100 1226 2153 versiculi,
1273 2099 1431 2152 quibus
1478 2097 1709 2152 Augustus

215 2185 487 2219 memoratur
518 2202 574 2208 —-
607 2178 789 2218 verbum
821 2176 1094 2228 ‘celebratur'
1121 2176 1321 2217 consulto
1347 2189 1434 2216 non
1462 2188 1624 2229 usurpo
1652 2199 1707 2204 —

213 2255 482 2309 amplissima
537 2269 642 2296 sane
699 2255 931 2309 requiritur
988 2260 1216 2308 φαντασία,
1269 2260 1317 2295 ut
1369 2260 1515 2294 cetera
1561 2253 1708 2293 omnia

214 2334 407 2387 opinioni
439 2339 541 2374 tuae
573 2332 903 2373 accommodes!

274 2410 351 2464 At,
411 2411 646 2464 respondet
701 2411 788 2450 iam
846 2409 1102 2450 Hiemerus:
1162 2408 1205 2449 id
1253 2409 1396 2462 ipsum
1442 2407 1708 2460 lepidissime

215 2488 426 2529 Horatius
458 2487 685 2528 tractavit!
722 2487 833 2536 „Die
860 2486 1150 2540 angefuhrten
1178 2485 1480 2526 Verhaltnisse
1502 2484 1708 2525 machten

215 2579 261 2604 es
308 2565 423 2605 doch
472 2564 626 2606 ratlich
673 2565 835 2617 gerade
882 2563 1022 2604 dieses
1064 2563 1236 2603 Thema
1278 2562 1357 2602 mit
1398 2561 1475 2601 der
1506 2566 1707 2614 grossten

217 2642 576 2695 Zuruckhaltung
617 2656 668 2682 zu
710 2640 981 2682 behandeln!
1025 2640 1156 2693 Jedes
1197 2637 1487 2692 aufdringlich
1518 2637 1706 2678 lobende

267 2771 300 2814 1)
326 2768 382 2804 Cf.
408 2769 458 2804 1.1.
483 2780 568 2814 pag.
595 2769 675 2813 308.

265 2848 300 2890 2)
325 2846 374 2881 l.l.
401 2857 485 2892 pag.
511 2855 569 2891 39.
