1955 3157
920 225 968 266 13

197 347 433 388 constituta
479 352 579 387 sunt
621 360 647 386 a
689 344 957 399 principibus
1001 357 1145 384 rerum
1189 342 1460 396 publicarum
1504 348 1549 383 ut
1593 343 1689 383 Rex

197 430 424 477 putaretur
469 437 579 464 unus
621 436 715 463 esse
758 423 800 462 in
843 421 979 471 coelo,
1019 421 1092 474 qui
1125 426 1248 474 nutu,
1283 426 1331 461 ut
1362 421 1424 461 ait
1454 419 1690 471 Homerus,

197 507 340 542 totum
392 499 625 553 Olympum
672 504 961 546 converteret,
1009 497 1214 550 idemque
1260 502 1305 538 et
1351 510 1430 536 rex
1477 502 1520 536 et
1568 502 1692 549 pater

198 577 435 618 haberetur
466 577 672 625 omnium,
708 576 800 616 sive
821 608 828 616 .
849 607 858 616 .
880 608 887 616 .
908 608 916 617 .
937 588 972 615 e.
993 588 1034 628 q.
1054 573 1116 615 S.''

256 655 456 695 Iamvero
502 653 719 707 duplicem
763 653 820 694 ob
853 666 1029 693 causam
1063 652 1212 705 negari
1246 650 1363 692 nullo
1397 650 1530 691 modo
1562 663 1691 703 posse

198 731 401 785 equidem
439 731 644 771 existimo
677 731 928 784 opinionem
962 743 1106 770 meam
1139 741 1408 782 magnopere
1441 727 1691 767 confirmari

199 809 280 849 illis
310 808 468 857 verbis,
504 821 557 849 ne
590 809 730 849 dicam
764 814 904 849 totam
937 821 1013 861 per
1045 820 1097 847 ea
1129 806 1272 847 dirimi
1305 805 1620 859 quaestionem.

258 886 402 927 Prima
449 892 515 926 est
562 885 681 938 quod
727 885 950 934 Horatius,
1001 885 1043 924 in
1091 897 1176 924 una
1218 881 1461 935 eademque
1494 881 1690 934 stropha,

199 964 323 1004 unius
370 964 652 1016 eiusdemque
699 962 854 1016 capitis
899 976 955 1002 ex
1002 960 1113 1002 libro
1165 958 1384 1002 Ciceronis
1428 957 1560 999 verba
1604 957 1693 998 sere

198 1041 391 1090 tradidit,
450 1040 601 1093 altera,
650 1040 768 1093 quod
816 1039 857 1079 in
904 1038 1032 1079 rebus
1077 1037 1204 1078 simul
1251 1036 1456 1088 Aratum,
1503 1035 1558 1075 de
1606 1048 1694 1088 quo

200 1117 360 1158 ibidem
403 1131 548 1158 sermo
590 1123 697 1165 erat,
732 1123 883 1170 aperte
916 1116 1110 1157 imitatus
1142 1121 1221 1156 est.
1258 1113 1458 1168 „Magnis
1491 1113 1604 1153 enim
1639 1113 1693 1153 de

201 1195 358 1236 rebus'’
392 1201 567 1235 acturus
599 1200 666 1235 est
698 1194 921 1234 Horatius,

260 1271 376 1325 Quid
424 1272 581 1312 mirum
634 1271 837 1324 „Epicuri
881 1270 935 1311 de
977 1269 1139 1324 grege’'
1173 1268 1483 1323 philosophum
1517 1268 1691 1308 iamiam

201 1349 348 1391 Stoice
396 1349 612 1390 dicturum
661 1347 715 1388 de
763 1347 912 1389 Stoica
958 1348 1132 1399 virtute,
1180 1345 1446 1387 consuluisse
1492 1345 1692 1399 egregios

200 1426 463 1480 scriptores?

260 1503 377 1544 Inter
410 1516 520 1556 quos
547 1503 696 1556 utique
723 1502 889 1555 primus
915 1508 1019 1543 tunc
1038 1507 1129 1542 erat
1147 1500 1312 1541 Tullius
1331 1500 1404 1554 qui
1422 1498 1693 1541 Graecorum

200 1581 390 1634 optimos
424 1579 616 1620 imitatus
650 1579 821 1620 dicendi
854 1579 1070 1632 elegantia
1102 1578 1306 1631 exempla
1337 1591 1415 1618 sua
1448 1576 1691 1630 superavit!

260 1657 358 1697 Hac
404 1657 594 1697 admissa
637 1657 996 1710 interpretatione
1038 1656 1155 1697 haud
1199 1668 1373 1696 necesse
1406 1660 1471 1695 est
1503 1653 1695 1694 indicare

202 1734 426 1788 quomodo
458 1735 600 1787 prima
633 1740 677 1775 et
709 1733 900 1775 secunda
932 1734 1115 1787 stropha
1148 1733 1258 1774 inter
1285 1746 1330 1773 se
1357 1731 1632 1772 cohaereant.

262 1811 310 1852 In
343 1811 487 1865 priore
519 1811 793 1866 propositum
820 1824 946 1852 suum
976 1811 1185 1864 enuntiat,
1214 1811 1256 1850 in
1285 1810 1423 1850 altera
1450 1809 1692 1849 carminum

201 1895 401 1930 naturam
433 1902 631 1929 severam
664 1894 708 1929 et
740 1888 961 1942 religionis
994 1888 1168 1942 plenam
1201 1887 1432 1940 significat.

262 1965 468 2006 Fortasse
501 1966 562 2006 ita
593 1979 661 2006 res
694 1979 740 2006 se
772 1965 905 2007 habet
936 1989 994 1995 —
1026 1965 1145 2018 quod
1178 1965 1333 2005 eodem
1367 1965 1456 2005 fere
1484 1964 1694 2004 redit—z

202 2042 397 2083 versibus
443 2051 556 2096 5—9
597 2043 847 2084 enuntiatur
867 2042 1077 2096 formula
1110 2042 1323 2096 quaedam
1357 2042 1401 2081 in
1432 2041 1694 2095 peragendis

202 2120 335 2160 sacris
368 2120 539 2169 usitata,
574 2134 687 2174 quae
714 2120 798 2160 hoc
825 2119 923 2160 loco
951 2120 1168 2173 virginum
1186 2132 1508 2173 puerorumque
1527 2118 1695 2158 animos

203 2197 259 2238 ad
292 2197 403 2237 serio
436 2197 700 2238 audiendum
734 2196 938 2238 adducat.

263 2273 490 2315 Postremo
534 2274 756 2328 quaeritur
798 2274 1065 2315 Horatiusne
1106 2272 1354 2326 significans
1393 2272 1531 2326 magis
1563 2286 1695 2325 quam

204 2350 363 2400 dicens,
413 2351 494 2391 sub
537 2351 652 2392 Iovis
694 2352 883 2405 imagine
925 2350 1177 2404 Augustum
1211 2351 1298 2391 iam
1331 2350 1500 2391 occulte
1534 2349 1696 2403 signifi-

204 2428 393 2469 caverit?
426 2427 557 2481 Quod
584 2434 844 2469 censuerunt
871 2434 915 2468 et
933 2428 1003 2468 alii
1022 2434 1065 2469 et
1082 2428 1396 2477 Mommsenus,
1416 2426 1693 2481 Kreppelius,

205 2505 598 2546 Domaszewskius.
633 2506 792 2546 Mirum
825 2505 996 2546 videtur
1029 2505 1146 2557 quod
1178 2505 1310 2557 aliqui
1343 2505 1601 2559 interpretes
1629 2510 1696 2545 tot

203 2582 424 2634 tantisque
456 2582 794 2623 obscuritatibus
822 2582 999 2622 minime
1026 2582 1233 2632 contenti,
1262 2581 1368 2622 alias
1385 2583 1517 2623 etiarn
1535 2595 1695 2635 easque

205 2672 382 2712 prorsus
409 2659 733 2701 inextricabiles
759 2659 1037 2713 quaestiones
1065 2659 1237 2699 adicere
1254 2658 1490 2700 conantur!
1509 2659 1695 2699 Inextri-

205 2736 368 2777 cabiles
414 2736 527 2790 dico,
575 2737 677 2790 quia
718 2737 760 2776 in
802 2736 1087 2778 intentionem
1130 2735 1472 2790 haudquaquam
1506 2749 1531 2776 a
1563 2742 1695 2789 poeta

205 2826 460 2866 expressam
491 2813 699 2854 audacter
729 2813 964 2867 inquirunt.
