1955 3157
938 212 1014 255 161

224 354 277 381 eo
308 341 427 395 quod
458 342 612 383 ceteris
643 342 844 383 omnibus
876 342 1004 384 rebus
1031 342 1115 383 hoc
1142 344 1407 397 anteposuit,
1427 346 1514 386 iam
1532 353 1716 400 apparet

224 418 280 458 ab
327 419 448 459 initio
491 419 718 460 consilium
761 419 852 459 eius
894 418 1042 471 fuisse,
1075 425 1122 460 ut
1153 420 1265 461 vitia
1297 422 1531 474 castigaret
1565 436 1717 464 censo-

226 507 404 549 remque
435 509 633 536 severum
665 502 830 549 ageret.

284 571 420 612 Porro
453 586 503 612 ea
533 586 646 627 quae
677 579 778 614 sunt
809 574 852 613 in
883 574 1078 615 versibus
1106 574 1264 626 9—16,
1284 580 1396 616 teste
1414 575 1717 630 Peerlkampio

227 648 345 697 „sine
377 649 538 689 iudicio
570 662 627 690 ex
658 649 842 691 historia
873 651 1012 704 petita
1042 651 1186 700 sunt'',
1220 652 1323 705 quia
1358 665 1473 701 „non
1500 654 1719 706 pertinent

225 725 280 765 ad
343 725 542 779 neglecta
598 726 761 781 templa
817 733 861 768 et
908 733 1101 781 spretam
1149 726 1431 781 religionem’'
1451 729 1483 782 1)
1531 729 1718 785 ideoque

224 802 454 842 ostendere
499 803 605 843 mihi
642 803 868 845 videntur:
902 810 1079 857 poetam
1112 805 1336 845 universas
1369 805 1515 846 clades
1547 820 1718 848 aerum-

224 891 388 933 nasque
431 892 728 934 quascumque
770 880 825 921 de
872 881 1083 922 industria
1114 881 1317 922 tribuisse
1349 882 1430 923 diis
1464 884 1597 933 iratis,
1630 898 1718 925 non

224 969 297 996 eas
343 955 495 1007 solum,
544 971 658 1012 quae
701 958 902 1011 proxime
947 972 1003 998 ex
1036 965 1183 1013 spreta
1215 959 1424 1013 religione
1456 962 1717 1014 processisse

223 1033 516 1074 credebantur
548 1033 694 1087 vulgo.

282 1110 482 1151 Tandem
529 1111 564 1151 si
606 1111 704 1165 quis
746 1111 929 1162 dubitet,
972 1125 1076 1154 num
1108 1113 1382 1162 adulterium,
1418 1113 1528 1154 illius
1560 1116 1716 1157 aetatis

223 1187 525 1228 Romanorum
572 1188 745 1240 iudicio,
793 1189 986 1230 offendat
1033 1189 1302 1242 religionem,
1351 1190 1409 1244 id,
1457 1197 1501 1231 et
1547 1191 1640 1232 aliis
1674 1198 1717 1233 et

224 1262 428 1304 Cornelio
461 1265 618 1305 Tacito
651 1266 901 1307 auctoribus
935 1273 1052 1308 certe
1084 1267 1139 1308 de
1171 1267 1377 1321 Augusto
1410 1268 1714 1310 affirmandum

223 1341 260 1381 ei
293 1342 386 1383 erit.
416 1341 591 1396 Quippe
617 1343 691 1397 qui
720 1344 919 1397 „culpam
949 1344 1059 1384 inter
1087 1345 1270 1385 virosae
1288 1345 1471 1386 feminas
1490 1345 1715 1399 vulgatam

222 1420 344 1472 gravi
386 1420 561 1460 nomine
603 1419 817 1461 laesarum
862 1420 1147 1474 religionum’'
1181 1422 1465 1475 appellaverit
1483 1424 1528 1475 2).

283 1495 555 1537 Concludere
587 1497 687 1538 nolo
725 1504 961 1552 antequam
995 1499 1127 1539 verba
1158 1499 1266 1540 haec
1297 1506 1565 1541 annotavero
1599 1514 1713 1555 quae

222 1574 447 1627 excipiunt
488 1574 582 1615 illa:
629 1574 932 1624 „clementiam
980 1577 1195 1616 maiorum
1241 1590 1428 1630 suasque
1469 1578 1563 1630 ipse
1605 1577 1716 1631 leges

223 1650 569 1704 egrediebatur'’.
604 1652 715 1692 Mire
747 1653 861 1693 enim
893 1652 1168 1706 confirmant,
1201 1667 1314 1708 quae
1345 1668 1476 1707 supra
1508 1654 1712 1704 diximus,

223 1741 364 1783 neque
405 1735 603 1770 veterum
644 1728 762 1783 leges
806 1743 946 1784 neque
977 1730 1112 1783 ipsius
1145 1730 1336 1784 Augusti
1370 1738 1460 1772 tam
1495 1731 1550 1772 ad
1584 1731 1714 1772 refre-

222 1806 388 1846 nandas
430 1805 628 1846 libidines
670 1820 803 1861 quam
845 1807 910 1847 ad
946 1808 1192 1861 aagendam
1223 1807 1394 1860 prolem
1427 1807 1558 1848 fuisse
1590 1808 1713 1850 latas.

274 1936 307 1979 1)
332 1936 383 1970 Ut
407 1936 542 1970 melius
567 1936 814 1981 perspiciatur
839 1944 1001 1982 quantas
1024 1937 1261 1972 difficultates
1283 1943 1434 1981 generet
1457 1937 1714 1983 interpretatio

222 2005 363 2038 eorum,
401 1995 465 2040 qui
503 1996 716 2039 Augustum
754 1997 897 2030 cantari
934 1996 1135 2041 perhibent
1168 2002 1246 2030 toto
1280 1997 1352 2030 hoc
1387 1996 1552 2030 carmine
1578 2008 1714 2041 operae

221 2055 382 2100 pretium
406 2061 460 2089 est
482 2055 597 2100 ipsius
612 2055 861 2100 Peerlkampii
876 2055 991 2089 verba
1007 2055 1172 2090 laudare.
1189 2055 1307 2089 Reicit
1323 2055 1417 2089 duas
1431 2056 1515 2090 illas
1528 2056 1713 2101 strophas,

222 2114 293 2148 hac
326 2114 509 2160 imprimis
540 2115 864 2159 argumentatione
890 2113 1023 2149 fretus:
1053 2116 1180 2149 »Haec
1206 2114 1377 2160 exempla
1403 2115 1481 2149 sine
1507 2115 1643 2149 iudicio
1669 2126 1713 2150 ex

221 2173 376 2207 historia
402 2173 518 2218 petita
543 2179 638 2207 sunt.
666 2175 752 2207 Non
775 2174 874 2208 enim
896 2174 1081 2218 pertinent
1096 2174 1145 2208 ad
1159 2174 1329 2218 neglecta
1343 2174 1484 2219 templa
1499 2181 1535 2209 et
1548 2182 1713 2220 spretam

222 2233 451 2277 religionem,
477 2233 546 2266 nisi
568 2238 754 2277 quatenus
773 2233 930 2267 Crassus
952 2244 1086 2278 parum
1107 2233 1296 2267 curaverit
1311 2233 1412 2267 diras
1426 2234 1566 2267 tribuni
1581 2234 1713 2279 plebis,

222 2292 286 2337 qui
312 2303 398 2325 eum
424 2292 473 2325 ab
499 2292 734 2337 expeditione
760 2292 935 2326 Parthica
960 2292 1147 2326 deterrere
1173 2292 1363 2338 cupiebat,
1389 2299 1425 2327 et
1446 2293 1565 2327 tristia
1586 2294 1713 2328 omina

221 2362 319 2396 quae
345 2351 382 2385 in
408 2351 560 2385 Oriente
585 2351 810 2386 acciderant.
837 2351 910 2386 Sed
936 2363 1124 2397 nusquam
1151 2352 1310 2396 legimus
1336 2352 1491 2386 Didium
1517 2352 1654 2387 Saxam
1677 2359 1714 2387 et

221 2410 427 2445 Antonium
464 2422 486 2444 a
524 2410 581 2444 dis
619 2409 732 2444 fuisse
764 2410 989 2453 admonitos,
1023 2417 1063 2445 ut
1097 2422 1120 2445 a
1145 2411 1255 2445 simili
1283 2411 1381 2445 bello
1406 2411 1648 2447 abstinerent.
1674 2413 1713 2447 Si

222 2480 311 2504 vero
348 2481 501 2504 causam
540 2470 628 2503 belli
665 2469 786 2504 civilis
822 2470 918 2504 inter
950 2470 1157 2504 Antonium
1192 2476 1227 2504 et
1254 2471 1506 2504 Octavianum
1533 2471 1665 2516 repetit
1690 2483 1713 2505 a

220 2529 391 2574 neglecta
428 2529 607 2573 religione
644 2529 815 2573 (adverte
852 2529 979 2574 haecl)
1018 2535 1058 2563 ut
1095 2530 1218 2575 ipsum
1257 2529 1397 2563 bellum
1437 2529 1546 2564 fuerit
1579 2541 1713 2575 poena,

220 2591 434 2632 Augustum
472 2600 516 2623 ea
553 2599 592 2622 re
626 2589 846 2632 gravissime
880 2588 1106 2631 offendisset,
1132 2599 1218 2622 eum
1245 2599 1359 2634 quem
1385 2589 1422 2622 in
1448 2589 1520 2622 hoc
1546 2589 1711 2624 carmine

221 2654 373 2694 propter
406 2648 571 2683 studium
606 2647 747 2693 templa
782 2647 983 2689 reficiendi,
1009 2647 1323 2693 sanctitatemque
1350 2648 1580 2682 matrimonii
1606 2659 1712 2683 revo-

221 2707 344 2749 candi,
368 2713 564 2753 tantopere
589 2707 753 2741 laudat.’'
781 2705 837 2741 Cf.
864 2706 922 2741 ed.
948 2706 997 2740 ad
1023 2707 1091 2748 111,
1116 2707 1148 2741 6.

269 2785 306 2828 2)
330 2783 386 2818 Cf.
413 2784 550 2819 Annal.
576 2784 642 2827 111,
667 2793 722 2827 24.

1525 2899 1564 2924 11
