1955 3157
966 293 1021 335 68

247 424 334 465 ullo
361 424 494 466 dubio
513 424 705 465 maxime
723 423 945 464 habebant
964 423 1077 472 „den
1096 422 1202 462 Reiz
1220 422 1296 462 des
1314 421 1738 463 Geheimnissvollen

247 502 335 543 und
368 500 721 544 Unbekannten'’
741 499 786 555 1).
821 501 914 541 Iam
947 501 982 541 si
1016 500 1110 553 ipsa
1141 505 1393 553 spectamus
1424 499 1558 540 verba

624 608 713 642 »Est
738 613 773 641 et
798 606 900 641 fideli
926 612 1008 640 tuta
1034 605 1180 640 silentio
1206 606 1371 640 merces''

247 703 460 756 imprimis
501 704 636 744 oritur
677 703 889 757 quaestio,
924 716 999 743 cur
1030 701 1268 751 silentium,
1303 715 1378 742 cur
1401 700 1562 755 fidele?
1594 700 1743 741 Fidele

246 781 351 834 quid
379 780 592 833 significet
619 781 768 821 docuit
795 793 873 820 nos
902 778 1069 828 Cicero,
1087 778 1186 819 loco
1202 792 1228 819 a
1245 778 1481 819 Karstenio
1499 778 1677 819 laudato
1694 776 1742 830 2),

247 863 441 898 attamen
484 863 658 910 praeter
701 857 835 897 verba
867 857 922 897 ab
953 857 1191 910 interprete
1222 855 1308 896 hoc
1339 855 1482 905 allata,
1518 855 1560 895 in
1587 855 1742 895 eadem

247 934 431 988 epistola
459 935 564 975 dicit
591 933 758 975 Tullius
788 934 883 982 „cui
910 933 1046 974 verbo
1073 932 1340 974 domicilium
1368 938 1435 974 est
1457 933 1681 986 proprium
1699 932 1742 972 in

246 1012 400 1061 officio,
431 1012 712 1064 migrationes
741 1011 783 1051 in
807 1011 995 1051 alienum
1014 1009 1220 1052 multae''.
1241 1010 1475 1052 Sumamus
1492 1009 1743 1063 significati-

246 1103 374 1129 onem
403 1089 637 1143 propriam,
668 1088 1020 1142 collocemusque
1047 1087 1151 1129 illud
1180 1085 1334 1132 ⁶fidele'
1351 1088 1394 1128 in
1411 1087 1632 1128 domicilio
1649 1100 1740 1129 suo,

247 1165 473 1207 Silentium
493 1172 638 1206 autem
657 1178 732 1205 cur
749 1165 819 1205 hic
837 1165 1095 1214 nominetur,
1115 1170 1159 1206 et
1175 1178 1311 1218 quare
1329 1164 1574 1205 necessario
1585 1177 1742 1217 agnos-

246 1242 408 1283 cendus
435 1243 489 1283 sit
516 1256 656 1282 nexus
682 1242 794 1283 inter
822 1242 937 1283 hunc
963 1255 1136 1283 versum
1165 1249 1297 1296 atque
1319 1255 1393 1282 eos
1411 1241 1484 1296 qui
1503 1246 1743 1295 sequuntur

497 1353 656 1388 »vetabo
683 1353 748 1399 qui
774 1353 921 1388 Cereris
946 1364 1095 1388 sacrum
1122 1353 1284 1397 volgarit
1309 1353 1492 1387 arcanae'’

246 1450 360 1491 clare
392 1450 622 1503 apparebit
653 1450 687 1490 si
721 1450 763 1489 in
791 1450 1049 1490 memoriam
1078 1450 1440 1499 revocaverimus,
1469 1462 1681 1504 quasnam
1700 1449 1742 1489 in

244 1529 379 1569 sacris
412 1527 602 1581 antiquis
634 1526 854 1568 silentium
886 1527 1026 1580 egerit
1059 1533 1220 1580 parteS.

304 1604 483 1658 Duplex
509 1610 604 1645 erat
633 1605 783 1658 „quasi
810 1604 999 1644 officium
1022 1604 1208 1645 silentii''
1227 1628 1284 1633 --
1302 1605 1490 1657 primurn
1508 1604 1742 1645 tacendum

245 1689 339 1723 erat
395 1683 579 1723 durante
632 1682 726 1735 ipso
774 1681 899 1732 festo,
948 1682 1014 1724 i.e.
1063 1682 1371 1722 abstinendum
1419 1695 1445 1722 a
1491 1681 1741 1735 colloquiis;

245 1759 403 1800 deinde
445 1765 544 1813 post
587 1772 710 1799 sacra
753 1765 944 1812 peracta,
978 1758 1247 1812 prohibitum
1281 1766 1373 1800 erat
1405 1772 1459 1799 ne
1490 1757 1743 1812 vulgaretur

245 1837 350 1890 quid
393 1843 508 1877 esset
554 1836 716 1877 factum
735 1837 766 1890 3)
809 1860 867 1866 —-
908 1843 1041 1890 atque
1083 1836 1167 1876 hoc
1208 1836 1427 1878 silentium
1471 1849 1559 1876 non
1600 1835 1741 1877 solum

245 1914 504 1955 censebatur
551 1927 646 1954 esse
691 1914 936 1954 secundarii
985 1914 1113 1967 pretii
1155 1913 1332 1967 aliquid,
1375 1913 1452 1954 sed
1495 1926 1594 1954 cum
1637 1913 1742 1966 ipsis

246 1992 465 2044 mysteriis
493 1997 586 2033 arte
613 1991 891 2032 cohaerebat.
921 1989 1216 2031 Gravissimae
1239 1991 1415 2043 insuper
1432 2003 1599 2043 poenae
1617 1995 1742 2031 erant

245 2068 295 2108 iis
322 2069 597 2118 constitutae,
626 2069 700 2122 qui
728 2067 942 2108 violarent
969 2067 1085 2108 illam
1112 2067 1255 2121 legem
1273 2075 1405 2122 atque
1423 2082 1602 2122 prorsus
1620 2068 1741 2122 impii

245 2145 522 2186 habebantur
553 2146 665 2186 inter
696 2145 916 2187 mortales.
951 2144 1179 2198 Quaenam
1211 2152 1357 2186 autem
1390 2151 1484 2187 erat
1511 2146 1635 2199 ratio,
1664 2159 1741 2186 cur

246 2221 390 2275 palam
433 2222 487 2262 de
529 2221 648 2263 festis
691 2222 772 2262 illis
814 2222 933 2276 loqui
977 2235 1062 2262 non
1095 2221 1272 2263 liceret?
1305 2222 1470 2276 Utique
1501 2235 1588 2263 non
1620 2222 1740 2277 quod

245 2298 474 2339 celandum
522 2305 636 2340 esset
681 2300 946 2353 quidquam:
995 2312 1146 2340 omnes
1188 2300 1303 2340 enim
1346 2299 1415 2340 vel
1456 2299 1611 2341 initiati
1654 2299 1739 2340 iam

246 2383 370 2417 erant
401 2375 468 2416 vel
502 2375 626 2416 facile
658 2382 864 2429 poterant
896 2376 1054 2417 initiari
1072 2376 1116 2431 4).

297 2494 330 2536 1)
356 2491 413 2529 Cf.
439 2492 574 2527 Strabo
600 2493 635 2526 X
661 2502 743 2537 357,
769 2496 792 2539 ἡ
819 2495 962 2540 κρύψις
987 2496 1010 2539 ἡ
1035 2495 1202 2540 μυστικῆ
1230 2498 1458 2540 σεμνοποιεῖ
1480 2495 1519 2528 τὸ
1543 2493 1667 2529 θεῖον.

294 2570 330 2613 2)
355 2569 414 2603 Ad
441 2569 545 2604 Fam.
576 2569 629 2613 16,
659 2578 710 2613 17.

294 2646 330 2689 3)
357 2645 411 2679 Cf.
439 2646 681 2689 Lobeckium,
707 2646 993 2692 Aglaophamus
1018 2657 1103 2692 pag.
1129 2646 1185 2690 67.

292 2705 446 2738 Minime
484 2716 572 2739 vero
610 2705 871 2740 contradicunt
907 2706 965 2740 his
1003 2716 1047 2740 ea
1084 2717 1181 2752 quae
1218 2705 1334 2740 habet
1368 2717 1402 2741 v,
1435 2705 1472 2741 d.
1498 2707 1541 2741 E.
1567 2705 1740 2741 Rohdius

246 2764 390 2807 Psyche
417 2764 450 2797 1²
474 2775 559 2809 pag.
586 2764 655 2798 288
680 2775 735 2809 sq.

292 2842 330 2885 4)
358 2840 451 2874 Vide
478 2840 713 2874 Herodotum
739 2842 829 2874 VIII
856 2840 914 2885 65,
944 2851 957 2874 1
987 2843 1112 2876 ἐπείτε
1133 2843 1297 2887 ἐκείρετο
1319 2844 1342 2886 ἡ
1366 2840 1517 2887 Ἀττικὴ
1539 2842 1646 2888 χώρη
1661 2842 1737 2876 ὑπὸ

246 2903 311 2932 τοῦ
347 2902 464 2945 πεζοῦ
492 2904 650 2945 στρατοῦ
676 2904 741 2934 τοῦ
769 2899 919 2945 Ξέρξεω
945 2902 1062 2935 ἐοῦσα
1087 2902 1229 2946 ἐρῆμος
1254 2899 1479 2946 Ἀθηναίων
1505 2904 1634 2946 τυχεῖν
1659 2901 1738 2935 τότε
