1955 3157
959 254 1040 306 146

253 385 500 440 eloquentia
542 391 587 427 τὸ
628 389 800 441 κέντρον
843 387 1113 438 ἐγκατέλειπε
1152 391 1243 426 τοῖσ
1283 388 1570 437 ἀκουομένοισ
1588 385 1632 437 1).
1673 385 1744 426 Sic

253 463 464 504 Horatius
507 463 777 503 suavioribus
819 462 1084 502 carminibus
1128 472 1166 513 3.
1209 473 1249 512 4.
1292 469 1331 513 5.
1364 462 1448 502 hoc
1479 463 1745 516 subiungens

256 539 455 589 „aculeos
490 539 662 593 reliquit
692 540 736 579 in
768 539 923 580 animis
955 552 1106 579 eorum
1139 552 1164 579 a
1197 539 1353 592 quibus
1385 545 1500 580 esset
1527 539 1743 581 auditus’'.

253 617 376 657 Haec
418 616 616 669 profecto
661 615 879 670 intellego.
914 616 1070 656 Nonne
1103 629 1207 656 vero
1239 629 1296 656 ex
1329 616 1434 669 ipsis
1466 616 1531 656 his
1565 616 1746 657 efficitur

252 695 444 734 excitare
470 693 658 734 voluisse
685 700 862 746 poetam
880 706 990 747 quos
1007 692 1241 745 alloquitur
1269 693 1458 746 virgines
1476 693 1745 746 puerosque?

253 772 432 811 Minime
463 770 579 811 enim
612 776 677 811 est
709 769 935 810 laudantis
963 783 1097 810 novas
1123 769 1242 823 leges
1268 770 1497 822 desperare
1524 770 1575 810 de
1602 770 1745 824 legum

251 848 453 901 efficacia,
503 847 571 888 vel
617 847 774 888 saltem
820 847 1067 888 tristissime
1115 846 1423 899 desperantem
1471 860 1518 887 se
1565 846 1743 900 fingere,

252 925 593 979 praedicereque

728 981 967 1027 »progeniem
994 981 1256 1015 vitiosiorem.”

313 1067 525 1107 Remedia
556 1066 754 1107 adhibita
785 1066 909 1120 quasi
942 1065 1062 1106 nihili
1095 1065 1182 1106 sint
1212 1065 1442 1107 habenda!

312 1144 455 1196 Magis
486 1157 619 1197 quam
653 1143 954 1196 Niemeyerus‚
988 1156 1119 1197 quem
1153 1143 1286 1182 modo
1311 1143 1568 1192 audivimus,
1588 1143 1746 1196 pressit

252 1222 336 1262 hoc
383 1221 709 1274 Rosenbergius
726 1219 770 1274 2).
806 1220 935 1270 „Wie
967 1220 1090 1261 hatte
1120 1221 1164 1260 in
1196 1220 1336 1260 einem
1372 1219 1669 1274 ‚,hofischen'',
1701 1220 1745 1260 in

253 1299 393 1339 einem
448 1298 665 1339 Festliede
712 1311 798 1338 von
846 1297 929 1338 den
977 1297 1280 1350 ungesuhnten
1328 1297 1621 1352 Niederlagen
1667 1298 1746 1338 der

254 1376 417 1416 Romer
459 1376 527 1416 bei
571 1375 655 1415 den
688 1374 893 1428 Parthen,
925 1388 1011 1414 von
1044 1374 1224 1415 Dakern
1256 1374 1344 1415 und
1377 1375 1670 1428 Aethiopiern
1701 1376 1744 1415 in

252 1453 393 1493 dieser
424 1452 712 1492 anreizenden
745 1452 891 1492 Weise
924 1452 994 1492 die
1027 1451 1149 1492 Rede
1182 1453 1274 1492 sein
1303 1452 1490 1502 konnen,
1520 1453 1599 1493 wie
1628 1452 1744 1492 kann

252 1529 336 1569 den
369 1529 593 1582 freudigen
627 1529 922 1582 Hoffnungen‚
953 1529 1053 1569 dem
1080 1528 1206 1581 Jubel
1235 1529 1342 1569 tiber
1369 1529 1439 1569 die
1457 1530 1745 1583 Erneuerung

253 1607 390 1646 Roms
423 1606 500 1646 der
533 1605 793 1647 Aussdruck
825 1606 903 1646 der
935 1605 1390 1659 Hoffnungslosigkeit
1423 1606 1568 1660 folgen
1581 1605 1624 1646 ?''

311 1682 480 1736 Quibus
519 1683 688 1724 addidit
719 1682 834 1723 idem
866 1683 932 1723 vir
964 1683 1265 1724 doctissimus:
1307 1707 1346 1712 ——
1387 1683 1597 1723 acerrime
1628 1683 1743 1723 enim

253 1766 299 1801 ut
345 1774 469 1801 suam
516 1760 737 1809 defendat,
787 1759 1048 1800 Mommseni
1096 1760 1324 1814 impugnat
1370 1760 1620 1813 opinionem
1660 1773 1742 1801 —z

255 1837 380 1886 „Wie
412 1837 529 1877 kann
562 1838 641 1878 der
668 1837 852 1878 Dichter
881 1837 958 1877 der
985 1836 1275 1890 Schilderung
1301 1837 1378 1877 der
1395 1836 1744 1890 Sittenlosigkeit

252 1927 362 1967 ganz
409 1914 524 1954 ohne
571 1914 799 1967 Notigung
845 1914 940 1954 eine
988 1913 1127 1955 Scene
1169 1914 1385 1967 beifu'gen‚
1429 1913 1498 1954 die
1539 1913 1616 1954 der
1656 1926 1743 1953 von

252 1990 473 2030 Antonius
519 1990 620 2030 dem
667 1989 896 2043 Augustus
943 2004 1041 2031 zum
1089 1990 1299 2031 Vorwurf
1339 1991 1602 2044 gemachten
1648 1990 1743 2030 aufs

253 2067 374 2107 Haar
416 2067 633 2119 gleicht?''
679 2091 731 2096 —
776 2067 900 2108 Haec
932 2081 1017 2108 non
1051 2068 1229 2108 minoris
1262 2068 1471 2108 momenti
1504 2080 1598 2107 esse
1629 2067 1742 2107 duco

254 2144 296 2183 in
342 2150 491 2184 nostra
536 2144 926 2197 argumentatione.
971 2143 1248 2197 Significasse
1291 2145 1406 2185 enim
1438 2144 1570 2184 credo
1601 2144 1742 2184 virum

253 2220 567 2270 doctissimum,
625 2220 769 2261 locum
826 2221 946 2262 illum
994 2220 1190 2262 Suetonii
1209 2222 1240 2274 3)
1289 2221 1361 2261 ubi
1408 2221 1464 2261 de
1511 2219 1741 2273 Augusto:

256 2297 428 2345 „Prima
470 2298 644 2338 iuventa
686 2298 907 2338 variorum
943 2297 1207 2338 dedecorum
1240 2297 1462 2338 infamiam
1494 2297 1654 2337 subiit.
1673 2330 1681 2338 .
1703 2329 1711 2338 .
1732 2329 1740 2338 .

254 2374 312 2414 M.
361 2373 582 2415 Antonius
629 2388 757 2428 super
803 2374 1028 2416 festinatas
1074 2375 1226 2415 Liviae
1273 2375 1446 2428 nuptias
1492 2374 1652 2415 obiecit
1699 2379 1743 2414 et

254 2451 459 2491 feminam
507 2451 778 2492 consularem
821 2465 845 2491 e
886 2451 1072 2492 triclinio
1113 2451 1207 2492 viro
1239 2464 1388 2491 coram
1419 2451 1463 2490 in
1495 2449 1740 2491 cubiculum

254 2527 501 2576 abductam,
575 2541 722 2568 rursus
791 2528 835 2568 in
907 2528 1154 2569 convivium
1226 2527 1479 2569 rubentibus
1540 2526 1741 2567 auriculis

255 2605 542 2657 incomptiore
590 2604 747 2658 capillo
794 2604 1063 2649 reductam.'’
1114 2604 1314 2645 Profecto
1361 2604 1475 2644 enim
1522 2602 1740 2643 simillima

306 2716 338 2758 1)
363 2715 456 2749 Plin.
482 2715 598 2760 Epist.
625 2716 653 2759 I,
679 2725 735 2750 20.

302 2786 338 2828 2)
365 2784 412 2819 l.l.
440 2795 524 2830 pag.
555 2794 607 2828 17.

302 2856 337 2898 3)
363 2856 450 2890 Vita
474 2856 551 2890 divi
578 2856 735 2900 Augusti
762 2867 792 2891 c.
818 2856 874 2901 69.
