1955 3157
891 255 969 306 158

194 383 413 437 procedit:
465 383 657 436 „Turpia
699 382 946 424 huiusmodi
990 383 1193 438 exempla
1235 398 1291 425 ex
1333 385 1560 427 hominum
1592 386 1683 427 vita

989 461 997 477 ἳ

194 466 346 501 notare
393 461 617 515 proprium
659 468 725 501 est
767 461 982 514 Satyrae.’
1044 461 1262 514 Equidem
1300 475 1380 503 nec
1411 476 1511 503 cum
1545 463 1687 504 Peerl-

194 537 373 591 kampio
419 551 499 578 nec
539 551 638 579 cum
682 538 868 578 Iurenka
910 537 1053 578 facere
1093 537 1317 580 voluerim.
1350 539 1427 580 Ille
1459 540 1574 580 enim
1607 540 1685 581 im—

194 615 353 668 probat
395 628 480 656 non
513 614 653 656 solum
685 615 762 655 sed
794 615 917 656 reicit
949 629 1100 656 versus
1133 624 1307 668 25—*32
1341 616 1442 670 quia
1473 616 1687 658 dedecent

194 692 236 731 in
271 705 350 741 „eo
377 692 568 732 carmine
594 691 713 746 quod
740 698 948 745 pracepta
974 693 1169 734 continet
1185 693 1364 746 egregia
1381 699 1425 735 et
1442 694 1686 735 orationem

194 768 329 809 habet
375 769 538 822 lyricae
578 769 782 822 gravitati
824 769 1205 810 consentaneam.''
1250 770 1347 810 Hoc
1379 776 1526 812 autem
1559 784 1687 824 argu-

195 852 389 886 mentum
422 846 562 886 minus
594 846 777 887 fortasse
804 846 884 886 illis
912 847 1102 900 placebit
1128 847 1203 901 qui
1231 861 1330 887 cum
1359 847 1636 889 Hartmanno
1654 847 1686 901 1)

195 923 476 976 profitentur:
525 923 586 971 „si
627 923 671 963 in
714 922 943 964 doctorum
974 923 1120 977 aliquo
1153 930 1369 965 conventu
1403 925 1685 966 statuendum

195 1006 309 1040 esset
356 999 461 1052 quid
508 1000 600 1053 ipse
647 999 859 1041 Horatius
903 1000 1126 1054 scripsisse
1167 1001 1400 1051 videretur,
1443 1001 1520 1042 vix
1553 1001 1686 1043 ullum

194 1076 380 1117 traditae
412 1077 607 1118 lectionis
638 1076 783 1117 locum
814 1083 994 1131 tangere
1027 1091 1096 1118 me
1129 1077 1362 1119 ausurum”
1383 1083 1425 1130 2).

253 1154 483 1194 Praeterea
509 1154 676 1206 logicae
703 1155 808 1196 artis
835 1155 1081 1209 praeceptis
1109 1169 1284 1209 prorsus
1312 1162 1378 1197 est
1405 1157 1686 1198 contrarium.

194 1231 373 1271 Rectius
405 1231 520 1271 enim
552 1232 835 1273 ratiocinetur
863 1233 1018 1287 aliquis
1046 1233 1128 1273 ita:
1157 1233 1255 1273 Hoc
1273 1239 1477 1286 poemate
1494 1240 1687 1275 ceterum

195 1307 449 1360 dignissimo
491 1321 641 1349 versus
684 1309 890 1362 impudici
923 1310 1226 1351 continentur:
1258 1324 1364 1364 ergo
1396 1324 1483 1351 non
1515 1317 1689 1352 constat

194 1385 274 1425 sibi
316 1391 459 1438 poeta.
503 1384 567 1425 At
608 1399 691 1438 ego
734 1399 787 1426 ne
830 1386 915 1426 hoc
957 1387 1136 1440 quidem
1167 1387 1373 1428 concedo.
1409 1387 1541 1428 Ratio
1573 1388 1687 1428 enim

195 1463 372 1502 omnino
418 1468 484 1503 est
524 1462 726 1503 habenda
767 1477 938 1504 morum
981 1464 1091 1504 illius
1133 1466 1303 1506 aetatis.
1338 1464 1685 1518 Elegantissime,

196 1545 243 1580 ut
289 1540 412 1589 solet,
461 1539 664 1580 disseruit
711 1541 765 1581 de
806 1541 889 1581 hac
931 1555 976 1581 re
1019 1541 1318 1583 Hartmannus
1361 1543 1404 1582 in
1445 1542 1530 1583 alia
1569 1556 1688 1583 corn-

196 1617 464 1658 mentatione
481 1617 527 1669 3).
576 1617 641 1657 Ibi
688 1618 782 1658 viro
824 1618 1014 1670 graviori
1058 1618 1199 1672 ipsum
1243 1619 1535 1672 interpellanti
1568 1619 1687 1674 quod

198 1701 364 1744 „artem
411 1693 697 1735 amatoriam''
746 1694 966 1747 defendat,
1014 1696 1075 1736 sic
1123 1697 1382 1750 respondet:
1426 1697 1585 1746 „Irasci
1618 1710 1688 1737 me

197 1778 316 1813 vetat
358 1785 444 1812 non
487 1772 633 1813 hercle
675 1773 807 1812 nimia
839 1773 1057 1826 quaedam
1089 1773 1297 1815 adversus
1329 1774 1414 1815 hoc
1445 1773 1687 1815 litterarum

197 1862 335 1901 genus
377 1848 543 1898 levitas,
577 1849 653 1889 sed
685 1850 918 1904 unicuique
951 1850 1122 1891 innatus
1155 1850 1224 1891 ille
1257 1851 1489 1905 aequitatis
1521 1864 1686 1892 sensus.

199 1926 310 1966 Dico
352 1927 467 1966 enim
510 1925 742 1980 palamque
774 1926 950 1967 declaro
982 1927 1094 1967 inter
1126 1933 1354 1981 poetarum
1386 1928 1687 1969 Romanorum

198 2016 345 2056 opera,
393 2004 470 2043 vix
516 2003 649 2044 ullum
698 2004 874 2057 reperiri
922 2005 1040 2058 quod
1082 2005 1177 2057 ipsa
1217 2005 1301 2045 hac
1332 2011 1425 2046 arte
1458 2005 1601 2045 minus
1632 2005 1688 2046 sit

198 2080 507 2134 impudicum''.
536 2104 594 2110 —
620 2080 856 2134 Praecipue
883 2094 986 2121 vero
1012 2082 1266 2135 spectabam
1291 2095 1403 2135 quae
1423 2087 1686 2136 sequuntur:

202 2157 465 2206 „Hodiernis
506 2157 754 2198 hominibus
796 2164 884 2199 tres
926 2157 984 2198 illi
1026 2158 1122 2199 libri
1154 2158 1302 2199 lascivi
1335 2159 1473 2199 videri
1505 2159 1686 2212 possint.

200 2233 346 2275 Ovidii
370 2234 624 2288 aequalibus
641 2248 728 2275 non
745 2241 992 2288 potuerunt,
1012 2249 1153 2290 aequo
1171 2236 1287 2276 enim
1304 2236 1450 2276 animo
1468 2234 1687 2277 Catullum

199 2311 403 2363 tulerant,
451 2317 494 2352 et
540 2311 738 2353 ferebant
779 2311 1001 2353 Tibullum
1046 2312 1450 2367 Propertiumque’'.
1485 2337 1541 2343 —-
1574 2313 1687 2354 Dein

253 2469 285 2511 1)
310 2469 367 2502 De
393 2468 551 2502 Horatio
576 2474 687 2514 poeta
712 2479 795 2513 pag.
822 2479 855 2514 9.

250 2549 285 2589 2)
311 2545 473 2579 Eosdem
495 2557 590 2591 quos
611 2546 715 2580 reicit
735 2546 1018 2592 Peerlkampius
1039 2547 1296 2592 maximopere
1312 2547 1500 2593 improbat
1515 2547 1688 2582 Naberus

201 2603 250 2638 l.l.
289 2604 374 2638 Alia
410 2610 537 2638 tamen
575 2605 718 2639 ratione
756 2611 795 2638 ut
829 2605 961 2650 opinor
994 2605 1140 2641 ductus.
1176 2607 1292 2640 >Sunt
1317 2613 1444 2640 tamen
1471 2607 1602 2651 viginti
1627 2607 1687 2642 vel

202 2662 353 2705 triginta
390 2662 546 2697 fortasse
584 2663 757 2697 versiculi
789 2663 884 2698 adeo
918 2664 1047 2698 insulsi
1081 2671 1122 2699 ut
1155 2664 1268 2699 fidem
1295 2670 1479 2710 superent.
1506 2666 1588 2700 Hos
1612 2666 1642 2699 si
1667 2676 1688 2700 e

202 2726 305 2755 textu
337 2721 487 2756 eieceris
520 2728 652 2767 poetae
686 2721 809 2756 famae
843 2723 984 2768 optime
1018 2723 1283 2759 consulueris.'’
1317 2743 1361 2748 —
1387 2724 1532 2759 Deinde
1558 2724 1687 2759 laudat

202 2779 473 2814 illustrissimus
498 2780 555 2814 vir
579 2791 710 2814 versus
734 2780 782 2814 de
807 2781 944 2825 quibus
969 2781 1030 2816 hic
1055 2782 1211 2826 agimus.

251 2856 287 2898 3)
315 2857 393 2890 »De
418 2856 554 2890 Ovidio
580 2858 712 2902 poeta’'
739 2857 785 2892 cf.
812 2857 861 2892 ib.
887 2867 970 2902 pag.
999 2866 1044 2900 70
1069 2869 1151 2903 sqq.
