1955 3157
953 212 1010 254 29

585 367 666 420 §a
700 367 774 407 DE
807 365 1046 408 CARMINIS
1077 367 1118 407 II
1152 376 1378 408 UNITATE.

352 473 392 501 a.
426 459 738 502 Sententiarun
770 461 969 516 cognitio.

295 558 427 614 Quod
473 562 559 602 iam
601 562 759 604 attinet
799 562 856 603 ad
898 562 1102 603 carminis
1144 563 1369 616 unitatem,
1412 562 1732 604 defendendam

234 650 331 678 eam
366 651 461 679 esse
493 644 614 693 put0.
646 638 927 693 Quamquam
956 641 999 681 et
1027 638 1217 681 Iurenka
1244 642 1287 681 et
1305 640 1370 680 vir
1387 640 1543 681 doctus
1562 641 1734 694 saepius

234 715 320 755 iam
348 715 551 758 laudatus
580 717 652 758 Fr.
684 717 949 771 Kreppelius
967 717 1149 758 eandem
1168 716 1258 757 fere
1275 730 1326 758 ac
1344 724 1539 758 nostram
1558 723 1734 759 tuentur

232 792 483 845 opinionem
516 800 669 835 neuter
699 800 849 835 tamen
880 793 1053 836 videtur
1086 793 1191 834 mihi
1225 800 1345 835 recta
1377 807 1473 835 eam
1502 808 1734 848 argumen-

233 869 401 910 tatione
446 870 741 914 confirmasse.
791 870 922 924 Quod
969 885 1023 912 eo
1070 871 1275 912 libentius
1323 877 1475 912 notare
1523 872 1734 912 voluerim

233 948 441 1000 quoniam
475 948 614 989 maius
646 949 845 990 imminet
875 949 1114 1003 periculum
1143 962 1197 989 ne
1226 949 1323 1002 quis
1350 950 1618 1003 argumentis
1647 963 1734 990 non

233 1030 467 1066 contentus
499 1026 637 1079 ipsam
673 1039 764 1067 rem
797 1027 959 1067 reiciat.
995 1025 1244 1067 Audiamus
1277 1032 1524 1079 utrumque.

294 1101 484 1143 Iurenka
529 1108 597 1143 sat
643 1109 832 1145 temere:
877 1117 951 1153 „es
993 1103 1049 1144 ist
1091 1103 1200 1152 klar,
1246 1103 1326 1144 das
1368 1104 1515 1145 Horaz
1557 1105 1599 1144 in
1632 1104 1734 1145 dem

235 1179 416 1220 zweiten
459 1178 676 1221 Gedichte
719 1180 789 1221 die
833 1179 1076 1234 „Tugend”
1111 1180 1188 1220 der
1220 1180 1410 1232 starker,
1445 1181 1550 1221 aber
1581 1181 1622 1221 in
1656 1181 1734 1221 der

234 1256 440 1310 Pragung
470 1257 533 1298 als
572 1258 800 1308 „Romana
831 1258 997 1299 virtus''
1027 1257 1161 1299 feiern
1190 1257 1287 1298 will.
1318 1258 1423 1311 Jene
1456 1256 1645 1309 „virtus”
1664 1258 1734 1298 die

234 1334 273 1374 in
318 1334 546 1376 einfachen
591 1335 921 1377 Verhaltnissen
965 1336 1141 1377 wurzelt
1187 1336 1276 1377 und
1307 1335 1500 1390 gedeiht‚
1534 1350 1607 1376 um
1640 1335 1734 1376 sich

233 1410 349 1452 dann
378 1418 503 1453 unter
531 1412 616 1453 den
633 1412 1017 1454 verschiedensten
1035 1413 1366 1454 Verhaltnissen
1384 1428 1435 1454 zu
1454 1412 1730 1455 bewahren.''

233 1488 440 1542 Sequitur
471 1488 612 1531 solum
645 1490 755 1530 haec
787 1490 1014 1543 probatio:
1046 1490 1167 1539 „Das
1193 1489 1306 1531 lehrt
1333 1490 1403 1530 die
1430 1490 1733 1544 emphatische

233 1565 434 1620 Stellung
480 1566 557 1607 des
606 1567 784 1609 Wortes
833 1566 1026 1617 „virtus”
1075 1581 1131 1608 an
1172 1568 1257 1608 den
1300 1567 1539 1621 Anfangen
1580 1568 1734 1608 zweier

234 1642 456 1698 Strophen
488 1644 566 1685 der
602 1653 679 1696 5ΘΠ
711 1645 800 1685 und
832 1644 925 1686 66η.
957 1644 1187 1698 Additque
1213 1645 1257 1685 in
1285 1644 1392 1686 fine:
1422 1658 1496 1694 „es
1515 1645 1622 1685 wird
1639 1645 1732 1686 sich

233 1734 313 1762 uns
355 1734 442 1761 nun
483 1722 648 1775 zeigen,
690 1722 791 1762 dass
834 1722 981 1762 Horaz
1025 1745 1081 1752 —-
1124 1735 1213 1763 was
1246 1722 1337 1762 ihm
1371 1722 1577 1776 ubrigens
1610 1722 1732 1763 nicht

233 1799 343 1839 eben
376 1812 474 1839 zum
506 1798 645 1839 Tadel
678 1799 873 1852 gereicht
904 1823 962 1829 ——
989 1813 1035 1840 es
1063 1799 1185 1840 nicht
1211 1799 1584 1853 zuwegebrachte,
1614 1799 1732 1841 diese

233 1875 422 1929 Tugend
449 1876 491 1916 in
519 1875 597 1916 der
626 1876 760 1917 Form
788 1877 878 1917 rein
905 1876 1205 1917 didaktischer
1233 1876 1372 1930 Lyrik
1400 1875 1483 1917 fest
1500 1890 1549 1916 zu
1568 1876 1730 1927 halten,

233 1952 336 1993 dasz
379 1966 425 1993 er
457 1953 669 1995 vielmehr
702 1954 953 2008 unablassig
984 1954 1200 1996 konkrete
1232 1953 1732 2008 Erscheinungsformen

233 2029 462 2071 derselben
510 2031 568 2071 im
611 2030 744 2085 Auge
785 2030 946 2081 behalt‚
991 2031 1156 2072 sonach
1198 2032 1318 2072 seine
1360 2031 1500 2084 Lyrik
1533 2032 1575 2072 in
1609 2031 1731 2072 Fulle

233 2108 410 2162 epische
444 2107 618 2161 Klange
651 2108 927 2150 beimischt.’'
957 2108 1111 2149 Paucis
1140 2108 1339 2162 exceptis
1366 2121 1465 2149 curn
1483 2121 1536 2149 eo
1553 2121 1731 2162 prorsus

234 2185 429 2228 facimus.
471 2185 536 2228 At
567 2199 673 2227 vero
706 2185 868 2239 qualis!
903 2199 1122 2240 quamque
1150 2186 1293 2227 ieiuna
1319 2185 1575 2227 affirmatio!
1595 2184 1731 2240 Quasi

235 2275 365 2303 nemo
407 2276 599 2317 unquam
642 2263 885 2305 dubitasset
928 2264 1032 2317 quin
1075 2263 1167 2318 ipse
1210 2268 1328 2304 recte
1369 2263 1574 2304 sentiret!
1618 2262 1732 2304 Sane

234 2353 400 2390 omnes,
445 2341 487 2381 ni
531 2340 668 2392 fallor,
712 2341 970 2395 interpretes
1015 2354 1072 2381 ex
1104 2354 1157 2381 eo
1190 2340 1310 2395 quod
1342 2340 1496 2394 quinta
1528 2346 1573 2381 et
1604 2346 1732 2381 sexta

235 2417 419 2471 stropha
465 2418 634 2459 initium
683 2424 860 2459 sumunt
901 2432 927 2459 a
968 2431 1075 2459 voce
1121 2416 1311 2467 „virtus”
1350 2417 1657 2459 concluserunt
1688 2418 1731 2457 in

234 2494 316 2536 hac
348 2501 473 2549 parte
505 2496 709 2536 carminis
741 2495 891 2550 utique
922 2495 993 2549 agi
1026 2495 1082 2536 de
1113 2495 1286 2549 virtute,
1322 2494 1364 2535 in
1397 2495 1541 2548 priore
1569 2500 1730 2547 autem,

234 2571 445 2627 plerique,
487 2572 604 2614 aliud
646 2572 752 2627 quid
794 2572 975 2622 laudari,
1019 2572 1319 2613 commendari
1361 2585 1533 2625 semper
1564 2572 1730 2625 opinati

235 2656 349 2691 sunt.
407 2649 479 2690 Ex
536 2650 694 2705 quibus
745 2655 945 2704 apparet,
993 2649 1316 2690 conclusionem
1364 2648 1604 2690 doctissimi
1651 2649 1730 2689 viri

236 2727 401 2768 maiore
433 2727 752 2768 commentario
782 2740 931 2767 carere
962 2739 1050 2766 non
1082 2727 1300 2780 potuisse:
1333 2739 1485 2767 verum
1518 2732 1597 2774 est,
1629 2739 1730 2767 eum

235 2804 371 2845 verbo
419 2804 572 2845 saltem
614 2804 767 2846 leviter
809 2803 1022 2845 indicasse
1054 2817 1141 2858 qua
1172 2817 1219 2844 re
1251 2803 1446 2844 maxime
1479 2808 1730 2844 moveretur
