1955 3157
934 205 1012 257 163

282 334 453 389 Quibus
521 334 692 376 adicere
759 335 891 386 lubet,
959 336 1244 378 Karstenium
1310 338 1486 393 quidem
1525 341 1556 394 1)
1612 348 1714 395 apte

223 413 443 454 monuisse
500 426 554 453 ne
606 414 866 454 sententiam
913 413 1176 455 Mommseni
1223 415 1266 455 in
1313 417 1452 457 maius
1498 419 1711 471 augendo,

223 490 410 530 Horatio
458 490 597 531 aulica
643 496 815 532 tantum
857 491 1172 545 imputaremus
1214 492 1406 535 consilia.
1452 492 1553 542 „Sic
1585 495 1713 549 enim,

222 567 297 616 ait,
351 580 499 607 veram
547 567 810 608 Mommseni
858 568 1108 620 opinionem
1155 582 1201 609 se
1248 582 1402 622 parum
1449 570 1714 612 intellexisse

222 643 548 686 ostenderent.”
594 643 839 684 Fatendum
883 657 986 684 sane
1025 650 1104 697 est,
1136 644 1466 687 celeberrimum
1499 648 1638 688 virum
1671 649 1714 688 in

222 719 307 760 fine
355 720 563 761 orationis
611 734 727 770 suae,
773 720 928 761 callide
972 721 1116 776 aliqua
1148 728 1418 773 retractasse,
1451 738 1564 778 quae
1595 725 1719 766 haud

221 796 394 837 obscure
440 796 565 838 aliter
612 805 741 839 antea
784 799 1006 841 docuerat.
1053 799 1150 839 Hoc
1194 813 1293 840 curn
1336 800 1588 842 doctissimo
1620 803 1713 842 viro

221 873 354 914 modo
401 873 580 915 laudato
611 875 802 916 tribuere
846 876 884 916 ei
928 889 1085 916 causae
1129 877 1412 929 potuerimus,
1446 879 1565 932 quod
1597 892 1716 919 ama-

221 951 283 992 vit
331 950 400 991 ille
448 951 638 1004 „scripta
684 966 762 993 sua
805 952 1020 993 illustrare
1067 959 1193 994 acute
1241 954 1380 1004 dictis,
1429 969 1543 1015 quae
1589 957 1712 1010 quasi

220 1032 327 1070 ἔπεα
359 1033 586 1085 πτερόεντα
617 1028 746 1082 longe
774 1028 959 1079 evolant,
990 1029 1067 1070 sed
1098 1030 1255 1084 quibus
1289 1037 1436 1072 tamen
1469 1032 1713 1072 cavendum

220 1111 287 1146 est
314 1119 367 1145 ne
394 1105 489 1159 plus
518 1106 723 1158 ponderis
751 1106 992 1147 tribuamus
1010 1120 1141 1161 quam
1160 1107 1251 1161 ipse
1267 1108 1316 1148 iis
1336 1108 1466 1149 tribui
1484 1108 1711 1150 voluerit.''

220 1182 436 1224 Attamen
468 1182 586 1223 haud
619 1182 748 1236 longe
780 1196 806 1223 a
836 1183 1020 1224 veritate
1047 1197 1146 1224 eum
1174 1184 1326 1225 abesse
1346 1185 1618 1234 crediderim,
1638 1187 1711 1240 qui

220 1259 458 1301 contendat
500 1274 599 1300 cum
633 1260 962 1301 Loeschhornio
980 1257 1011 1313 2)
1047 1262 1115 1310 „in
1148 1262 1417 1302 Mommsens
1450 1262 1573 1303 Rede
1606 1263 1712 1303 wird

220 1337 369 1378 Horaz
402 1337 465 1377 als
497 1337 566 1377 ein
600 1337 641 1377 in
675 1337 969 1391 rhytmischer
1002 1338 1197 1392 Sprache
1223 1339 1497 1379 schaffender
1528 1339 1711 1381 Schrift-

220 1414 365 1455 steller
413 1414 672 1464 betrachtet,
717 1415 794 1455 der
826 1415 884 1455 im
917 1414 1138 1456 Gewande
1170 1415 1246 1456 des
1279 1416 1482 1456 Dichters
1515 1416 1713 1458 hofische

222 1491 339 1532 Ziele
371 1491 578 1545 verfolge‚
613 1492 681 1532 ein
716 1492 910 1546 Prophet
941 1493 1018 1534 der
1050 1493 1307 1534 Monarchie
1339 1495 1401 1534 sei
1433 1495 1521 1534 und
1553 1495 1595 1534 in
1629 1495 1713 1535 den

219 1568 346 1609 sechs
393 1569 674 1610 Romeroden
721 1569 806 1610 den
850 1570 1011 1611 Kaiser
1052 1571 1095 1610 in
1128 1570 1274 1617 feiner,
1309 1571 1593 1625 ausrichtiger
1627 1573 1713 1613 und

220 1645 439 1699 wurdiger
472 1646 618 1687 Weise
638 1648 668 1699 3)
703 1646 875 1687 feiere.''

279 1722 348 1763 De
380 1722 574 1763 Hiemeri
607 1723 785 1765 invento
817 1737 869 1765 ea
900 1738 1013 1778 quae
1045 1723 1235 1766 diximus
1267 1738 1399 1778 supra
1430 1726 1536 1767 satis
1564 1727 1711 1780 utique

219 1800 435 1841 sufficiunt
452 1800 498 1853 4).
548 1801 859 1856 Unusquisque
890 1802 963 1856 qui
996 1801 1172 1855 longam
1205 1802 1295 1842 eius
1327 1802 1559 1856 perlegerit
1592 1817 1710 1843 com-

271 1949 303 1991 1)
328 1947 377 1982 1.1.
405 1958 489 1992 pag.
519 1947 595 1992 169.

267 2021 302 2063 2)
328 2019 385 2054 Cf.
410 2019 462 2054 1.1.
488 2030 572 2064 pag.
600 2029 680 2064 909.

265 2091 300 2134 3)
327 2091 451 2135 Atque
477 2090 757 2133 obscurissime,
781 2089 992 2124 addiderim
1019 2101 1097 2134 ego.

263 2163 302 2206 4)
335 2161 391 2196 Cf.
418 2172 502 2206 pag.
533 2169 598 2206 154
624 2172 703 2205 sqq.
732 2161 780 2195 Ut
807 2167 933 2194 tamen
959 2171 1056 2204 quae
1082 2160 1301 2194 confinxerit
1327 2159 1398 2194 sibi
1425 2160 1481 2194 vir
1508 2161 1641 2196 doctus
1667 2163 1710 2197 iis

218 2221 330 2255 etiarn
356 2221 602 2263 innotescant,
629 2221 693 2265 qui
717 2220 1072 2254 commentationem
1098 2220 1176 2253 eius
1201 2220 1462 2263 (Programma
1489 2220 1641 2264 Gymn.)
1663 2221 1711 2255 ad

218 2291 352 2314 manus
397 2291 471 2314 non
517 2280 694 2320 habeant,
739 2279 920 2313 nonnulla
966 2278 1213 2313 describenda
1253 2279 1361 2313 duco.
1413 2279 1617 2324 Postquam
1667 2290 1711 2314 ea

217 2339 604 2374 breviterenarravit
638 2349 734 2384 quae
768 2339 815 2372 de
848 2338 1074 2372 assumendo
1107 2338 1282 2383 Augusti
1312 2339 1463 2372 nomine
1488 2349 1532 2372 ex
1557 2338 1712 2373 historia

216 2400 444 2441 noverimus,
482 2399 533 2433 sic
568 2398 706 2443 pergit:
743 2399 843 2432 ›Das
876 2398 921 2432 ist
956 2409 1006 2439 es,
1032 2409 1108 2432 was
1134 2398 1199 2431 wir
1224 2408 1299 2431 von
1324 2398 1391 2431 der
1419 2398 1711 2442 Vorgeschichte

214 2458 320 2504 jener
356 2459 456 2493 Akte
489 2458 555 2492 des
589 2458 740 2492 Kaisers
773 2457 850 2492 und
884 2458 1105 2492 Beschlusse
1136 2457 1202 2491 des
1236 2458 1390 2492 Senates
1415 2457 1452 2491 in
1474 2458 1556 2502 Jan.
1584 2458 1710 2501 727127

216 2519 314 2553 noch
350 2531 393 2553 zu
427 2519 615 2553 erkennen
648 2522 863 2561 vermogen,
889 2517 948 2551 die
974 2529 1015 2552 zu
1041 2517 1108 2551 der
1134 2528 1203 2551 uns
1229 2516 1562 2561 beschaftigenden
1590 2517 1712 2551 Feier-

218 2578 371 2613 lichkeit
397 2578 534 2612 Anlass
559 2577 692 2622 gaben.
719 2577 770 2611 Es
795 2577 897 2610 kann
924 2588 994 2611 uns
1019 2577 1123 2611 nicht
1148 2576 1477 2618 wundernehmen,
1502 2588 1608 2610 wenn
1634 2577 1710 2611 die-

213 2637 365 2682 jenigen
392 2637 609 2679 Senatoren,
638 2636 775 2670 welche
801 2636 860 2670 die
887 2636 1209 2679 Vorbereitungen
1232 2635 1291 2669 fur
1312 2635 1380 2669 das
1402 2636 1490 2669 Fest
1511 2647 1553 2669 zu
1578 2635 1709 2669 treffen

217 2697 360 2739 hatten,
395 2696 474 2730 sich
510 2696 614 2730 nicht
647 2695 716 2729 auf
745 2695 818 2729 den
852 2695 1048 2740 speziellen
1072 2695 1209 2729 Anlass
1234 2695 1524 2737 beschrankten‚
1550 2695 1711 2728 sondern

217 2755 278 2789 die
318 2755 605 2799 Neugrundung
642 2754 708 2788 des
746 2754 892 2788 Staates
930 2754 1007 2788 und
1041 2753 1101 2788 die
1134 2765 1202 2788 aus
1234 2754 1371 2788 Anlass
1403 2753 1599 2787 derselben
1624 2753 1710 2788 dem

220 2813 428 2848 Herrscher
453 2814 676 2848 erwiesenen
704 2813 832 2847 Ehren
854 2813 922 2847 mit
944 2813 1199 2857 hereinzogen.
1222 2812 1287 2847 Bei
1300 2813 1402 2847 einer
1416 2812 1713 2857 Beschrankung
