1955 3157
933 235 1007 278 145

285 359 350 400 At
395 359 611 399 sententia
657 358 767 398 haec
808 370 894 397 non
936 357 992 397 ab
1034 356 1153 396 omni
1196 361 1319 409 parte
1352 355 1582 408 probanda
1614 355 1720 395 mihi

224 435 408 477 videtur.
453 435 646 476 Primum
678 433 798 489 quod
830 434 935 475 dicit
968 434 1077 483 „wie
1110 432 1226 473 doch
1262 432 1377 473 wohl
1409 432 1529 474 nicht
1562 447 1612 473 zu
1649 433 1725 473 be-

225 513 417 554 zweiflen
464 511 562 562 ist’',
605 518 722 553 certe
763 512 878 553 iusto
910 510 1065 552 fortius
1098 510 1159 551 sic
1191 509 1425 550 affirmavit
1456 510 1522 550 vir
1555 509 1724 550 doctus.

227 590 342 631 Nam
380 604 466 630 non
498 589 729 631 defuerunt
760 589 1006 642 scriptores,
1042 588 1115 642 qui
1148 587 1260 640 cycli
1293 586 1513 628 vinculum
1547 587 1726 626 omnino

226 667 453 708 ferendum
496 674 540 708 et
580 666 902 707 admittendum
945 679 1040 706 esse
1072 670 1295 718 negarent.
1330 664 1398 704 De
1429 664 1588 718 quibus
1621 677 1727 704 mox

227 758 380 798 pauca.
428 744 493 785 At
539 750 766 797 praeterea
806 743 850 784 id
892 741 1011 796 quod
1052 741 1364 783 animadvertit
1406 754 1494 781 non
1536 741 1653 782 cadit
1685 741 1728 780 in

228 821 563 870 Mommsenum,
592 821 667 875 qui
694 833 971 875 nequaquam
999 819 1140 873 legem
1168 819 1287 860 illam
1317 819 1404 859 iam
1432 818 1568 859 latam
1597 817 1727 859 fuisse

228 898 466 940 contendit.
516 896 851 939 Ostendendum
893 897 931 937 ei
963 903 1057 938 erat
1089 902 1209 937 certo
1243 896 1533 937 fundamento
1565 908 1726 943 carere,

227 989 340 1030 quae
382 975 613 1016 affirmavit
655 975 953 1016 Mommsenus
986 974 1040 1015 de
1073 973 1200 1015 huius
1233 973 1342 1027 legis
1369 972 1725 1027 praeparatione.

227 1052 316 1094 Sed
349 1053 410 1093 sic
442 1053 609 1106 pergit:
646 1052 805 1101 „Diese
833 1051 1083 1093 Deduction
1112 1050 1260 1093 warde
1287 1050 1502 1092 naturlich
1532 1049 1730 1104 hinsallig

228 1131 333 1179 sein,
383 1143 508 1170 wenn
551 1130 629 1170 der
670 1129 815 1171 Inhalt
858 1130 935 1170 des
968 1129 1169 1170 sechsten
1202 1127 1442 1170 Gedichtes
1475 1128 1542 1168 ihr
1574 1128 1729 1168 wider-

229 1207 425 1262 sprache.
460 1207 585 1248 Aber
616 1207 694 1247 das
725 1206 825 1248 thut
857 1220 904 1247 er
931 1206 1064 1248 nicht.
1095 1206 1306 1247 Horatius
1333 1205 1543 1247 schildert
1571 1206 1613 1245 in
1637 1205 1727 1246 ihm

229 1285 299 1326 die
341 1284 752 1334 Sittenverderbnis,
796 1284 866 1325 die
908 1284 1154 1337 Zerrutung
1185 1284 1263 1324 des
1295 1282 1521 1323 ehelichen
1554 1283 1729 1324 Lebens

230 1363 309 1403 mit
341 1362 426 1403 den
459 1363 775 1403 schwarzesten
809 1361 982 1402 Farben
1015 1362 1103 1402 und
1135 1360 1335 1402 schliesst
1367 1361 1445 1401 mit
1478 1359 1562 1400 den
1594 1360 1730 1413 vollig

232 1439 604 1494 pessimistischen
637 1440 829 1480 Versen:

641 1534 777 1568 »Aetas
802 1539 1001 1578 parentum
1028 1532 1132 1578 peior
1157 1532 1239 1566 avis
1264 1532 1350 1566 tulit

638 1594 716 1627 Nos
742 1592 953 1637 nequiores,
978 1602 1065 1626 mox
1090 1591 1246 1626 daturos

636 1652 858 1697 Progeniem
883 1651 1148 1686 vitiosiorem.”

231 1738 292 1779 1st
334 1751 380 1778 es
418 1737 630 1790 denkbar,
663 1736 764 1777 dass
796 1736 944 1776 Horaz
976 1736 1096 1776 diese
1130 1735 1298 1777 Versen
1330 1734 1619 1788 geschrieben
1651 1735 1730 1776 hat

231 1829 305 1857 zur
347 1814 658 1869 Empfehlung,
695 1827 769 1855 zur
801 1813 1054 1868 poetischen
1089 1812 1369 1866 Verklarung
1400 1813 1478 1853 der
1509 1826 1595 1853 von
1629 1813 1729 1853 dem

232 1894 421 1934 Fursten
448 1898 840 1933 unternommenen
864 1891 970 1932 oder
987 1890 1221 1945 geplanten
1241 1889 1574 1932 Sittenreform?
1594 1890 1731 1931 Hatte

232 1970 310 2011 das
367 1970 487 2011 nicht
543 1969 773 2023 geheiszen
829 1969 896 2009 ihr
943 1968 1169 2023 ganzliche
1217 1967 1593 2009 Unwirksamkeit
1641 1967 1729 2009 und

233 2047 593 2101 Erfolglosigkeit
634 2046 984 2100 voraussagen?''
1028 2046 1175 2087 Acute
1216 2059 1322 2086 sane
1366 2051 1589 2099 postrema
1621 2045 1730 2086 haec

232 2125 415 2178 protulit
440 2125 638 2178 scriptor.
667 2125 803 2165 Miror
824 2130 971 2166 autem
989 2137 1088 2164 eum
1106 2136 1279 2164 versum
1297 2122 1519 2177 quendam
1537 2123 1730 2163 maxime

233 2203 495 2244 sententiam
543 2215 668 2243 suam
710 2201 1043 2242 confirmantem
1076 2214 1163 2241 non
1196 2213 1475 2241 memorasse.
1510 2199 1729 2254 Equidem

233 2280 348 2320 enim
381 2279 641 2320 crediderim
670 2279 938 2333 ineptissime
965 2292 990 2319 a
1017 2277 1261 2332 ‘praecone'
1289 2277 1498 2319 celebrari
1517 2291 1729 2318 novarum

233 2357 379 2411 legum
412 2362 650 2410 auctorem,
682 2356 896 2397 versiculo
928 2356 1013 2396 hoc
1045 2355 1317 2396 tristissimo:

571 2451 786 2484 »Damnosa
812 2449 904 2495 quid
929 2460 1004 2483 non
1030 2449 1218 2484 imminuit
1243 2449 1323 2483 dies
1335 2449 1372 2483 ?’'

234 2536 376 2578 Huius
416 2535 692 2590 significatio,
728 2534 969 2576 subiunctis
1001 2534 1196 2575 versibus
1228 2547 1339 2589 quos
1372 2547 1504 2587 supra
1536 2532 1732 2575 laudavit

236 2613 537 2667 Niemeyerus,
592 2612 773 2653 dubium
822 2611 928 2652 nihil
976 2611 1193 2666 relinquit.
1242 2611 1504 2653 Rectissime
1550 2611 1729 2666 quidem

235 2690 495 2731 Karstenius
513 2689 568 2743 1):
628 2690 704 2739 „In
761 2689 926 2730 Pericle
980 2688 1207 2730 laudatum
1263 2695 1343 2739 est,
1401 2688 1520 2744 quod
1568 2688 1731 2729 efficaci

287 2843 321 2886 1)
344 2841 395 2876 l.l.
422 2852 509 2887 pag.
539 2850 616 2885 147.

1547 2919 1590 2944 10
