1955 3157
949 270 1029 299 120

420 396 462 433 25
560 389 663 423 Auro
689 398 869 433 repensus
895 387 1035 422 scilicet
1061 386 1182 422 acrior

562 448 670 482 Miles
696 447 851 482 redibit:
878 446 1019 491 flagitio
1045 447 1184 481 additis

611 508 814 541 Damnum.
841 517 964 552 neque
989 506 1147 540 amissos
1171 506 1315 541 colores

656 567 760 600 Lana
786 565 898 600 refert
924 565 1112 599 medicata
1137 565 1233 610 fuco,

563 668 642 701 Nec
668 677 757 700 vera
783 666 913 707 virtus,
939 676 1025 699 cum
1051 665 1167 700 semel
1192 665 1340 711 excidit,

421 736 468 770 30
563 727 679 760 Curat
705 725 835 770 reponi
861 724 1128 768 deterioribus3

610 785 647 820 Si
673 789 816 829 pugnat
843 783 1024 818 extricata
1049 783 1174 818 densis

658 845 780 878 Cerva
806 843 938 889 plagis,
965 843 1033 877 erit
1059 843 1122 877 ille
1148 843 1265 888 fortis,

563 945 637 989 Qui
662 944 814 990 perfidis
839 954 878 978 se
903 943 1062 978 credidit
1088 944 1274 987 hostibus,

565 1006 613 1039 Et
638 1005 760 1038 Marte
786 1005 930 1038 Poenos
955 1010 1119 1049 proteret
1145 1004 1276 1047 altem,

422 1072 465 1108 35
611 1063 685 1108 Qui
710 1063 788 1097 lora
813 1063 992 1097 restrictis
1017 1062 1166 1097 lacertis

657 1123 792 1165 Sensit,
818 1123 917 1157 iners
943 1122 1143 1168 timuitque
1169 1129 1342 1158 mortem.

565 1224 637 1258 Hic
663 1223 763 1258 unde
790 1224 907 1258 vitam
934 1229 1096 1258 sumeret
1122 1224 1260 1258 inscius

564 1284 700 1317 Pacem
725 1282 851 1316 duello
877 1282 1051 1317 miscuit?
1076 1294 1098 1317 o
1124 1283 1263 1328 pudor!

613 1342 644 1376 O
670 1353 808 1385 magna
835 1342 1025 1386 Carthago
1050 1342 1242 1387 probrosis

423 1412 470 1445 40
661 1402 783 1436 Altior
811 1402 941 1436 Italiae
967 1401 1101 1436 ruinis!

556 1503 701 1537 ·Fertur
726 1502 886 1548 pudicae
912 1503 1080 1547 coniugis
1106 1503 1276 1537 osculum

566 1563 783 1607 Parvosque
808 1568 916 1596 natos
942 1567 982 1596 ut
1008 1562 1140 1608 capitis
1166 1562 1287 1596 minor

612 1621 673 1656 Ab
699 1632 738 1655 se
763 1621 978 1663 removisse,
1005 1627 1041 1655 et
1067 1621 1212 1656 virilem

660 1681 808 1715 Torvus
833 1681 938 1714 humi
965 1681 1132 1726 posuisse
1158 1681 1317 1722 vultum,

423 1783 467 1820 45
567 1776 695 1810 Donec
720 1774 893 1809 labantes
918 1775 1073 1809 consilio
1098 1781 1224 1820 patres

567 1835 752 1869 Firmaret
778 1841 909 1869 auctor
934 1845 1130 1880 nunquam
1155 1835 1249 1869 alias
1274 1834 1374 1878 dato,

617 1895 792 1939 Interque
817 1900 1026 1928 maerentes
1051 1894 1192 1928 amicos

662 1953 845 1998 Egregius
870 1960 1088 1999 properaret
1114 1953 1228 1987 exsul.

568 2049 685 2094 Atqui
711 2048 852 2082 sciebat
878 2059 975 2093 quae
1001 2048 1072 2082 sibi
1097 2048 1283 2082 barbarus

429 2115 473 2152 50
568 2109 704 2142 Tortor
729 2113 896 2153 pararet:
926 2118 1001 2141 non
1028 2107 1136 2141 aliter
1161 2113 1287 2141 tamen

616 2167 785 2201 Dimovit
811 2167 1004 2201 obstantes
1029 2167 1260 2213 propinquos

665 2227 712 2260 Et
738 2226 921 2272 populum
948 2226 1089 2260 reditus
1114 2233 1325 2261 morantem

571 2321 693 2364 Quam
720 2320 750 2354 si
775 2320 954 2354 clientum
980 2320 1092 2364 longa
1117 2320 1267 2364 negotia

570 2380 784 2414 Diiudicata
809 2380 873 2414 lite
898 2380 1136 2425 relinqueret,

430 2447 447 2483 5
454 2447 471 2484 5
617 2440 792 2474 Tendens
817 2439 1051 2473 Venafranos
1076 2440 1114 2473 in
1139 2451 1249 2484 agros

663 2499 740 2532 Aut
765 2498 1105 2533 Lacedaemonium
1130 2500 1349 2533 Tarentum.

669 2614 750 2665 §L
784 2613 857 2652 DE
889 2622 1039 2653 PRIMA
1071 2622 1301 2653 STROPHA.

301 2705 515 2746 Carminis
562 2708 700 2760 quinti
742 2708 1044 2760 interpretatio
1085 2708 1227 2748 varias
1269 2708 1406 2747 movit
1437 2707 1726 2760 quaestiones.

243 2783 476 2835 Praecipue
514 2797 618 2824 vero
650 2785 873 2837 quaeritur
905 2784 1126 2837 quodnam
1159 2785 1214 2825 sit
1245 2783 1462 2825 vinculum
1495 2784 1728 2825 admitten-

242 2860 345 2900 dum
393 2860 504 2901 inter
551 2867 780 2915 utramque
827 2867 1009 2914 partem,
1054 2875 1079 2901 a
1122 2874 1161 2902 v.
1211 2872 1375 2901 1—12:
1402 2872 1450 2901 12
1492 2884 1550 2890 —-
1582 2859 1725 2901 finem,
