1955 3157
1015 233 1091 277 125

298 354 368 395 die
416 355 561 396 Horaz
604 355 665 396 als
708 355 856 395 solche
899 354 1010 396 fuhlt
1053 354 1140 395 und
1173 354 1243 394 die
1276 354 1349 394 ihn
1383 354 1520 396 daher
1554 370 1633 396 nur
1665 357 1790 397 einen

299 432 581 485 Augenblick
613 432 920 486 beschaftigt.”

358 509 421 551 Ut
463 510 549 550 iam
586 509 734 551 statim
767 509 1087 563 perspicuitatis
1120 521 1250 548 causa
1282 507 1455 557 addam,
1490 522 1601 562 quae
1635 509 1792 563 proba-

298 585 453 627 biliora
489 586 595 627 mihi
629 593 729 628 sunt
760 587 865 636 visa,
899 610 956 616 —
988 586 1122 627 totius
1154 585 1357 626 carminis
1390 599 1483 625 esse
1516 587 1790 640 propositum

297 664 453 704 credo:
498 670 545 704 ut
585 664 796 705 doceatur
838 664 1060 713 iuventus;
1100 667 1406 716 argumentum
1439 676 1567 703 vero:
1602 663 1791 703 Romani

298 741 484 781 nominis
516 741 699 794 gloriam
733 740 801 781 vel
828 741 944 781 vitae
971 753 1065 780 esse
1092 739 1445 794 anteponendam
1477 740 1600 788 „Aut
1623 740 1793 780 vincere

297 824 377 858 aut
406 817 563 862 7n0rz'''‚
597 842 655 847 —
687 817 808 871 Apte
841 817 1079 858 illustratur
1111 817 1252 871 prima
1280 816 1475 870 stropha,
1505 816 1791 857 memorando

298 895 509 948 imprimis
540 909 653 950 quae
687 895 855 935 monuit
892 893 1228 946 Karstenius1);
1265 892 1403 943 „Cum
1436 893 1647 934 Horatius
1680 893 1793 934 hanc

297 972 428 1012 odam
462 972 692 1022 scribebat,
721 985 880 1012 nomen
909 972 1159 1013 Romanum
1187 971 1330 1012 adhuc
1357 971 1638 1025 premebatur
1666 970 1793 1012 Cras-

297 1050 444 1089 sianae
490 1048 626 1089 cladis
668 1049 880 1102 pudore'’.
926 1049 997 1089 Nil
1040 1049 1171 1102 igitur
1203 1049 1359 1089 mirum
1393 1054 1584 1102 poetam,
1618 1062 1717 1089 cum
1750 1049 1793 1088 in

297 1127 444 1167 animo
477 1126 661 1166 haberet
693 1132 740 1167 ut
773 1127 986 1167 iuventuti
1019 1127 1259 1167 maximam
1293 1133 1335 1167 et
1367 1126 1532 1179 gloriae
1565 1126 1794 1166 Romanae

297 1204 546 1257 cupidinem
580 1210 623 1244 et
655 1204 920 1256 ignominiae
947 1203 1174 1244 horrorem
1203 1204 1429 1253 incuteret,
1458 1217 1538 1257 pro
1566 1203 1793 1256 prooemio

297 1282 533 1335 sumpsisse
566 1280 857 1322 Octavianum
891 1280 1144 1334 Augustum
1177 1280 1328 1334 procul
1363 1281 1497 1321 dubio
1529 1294 1624 1321 esse
1656 1280 1792 1320 vindi-

297 1366 494 1400 caturum
542 1358 705 1412 populo
749 1359 952 1399 Romano
994 1360 1128 1400 totius
1172 1359 1288 1399 orbis
1331 1358 1585 1412 imperium;
1629 1370 1792 1412 eosque

297 1449 396 1476 eum
454 1449 558 1489 prae
617 1436 771 1477 ceteris
823 1436 1118 1477 subiecturum
1165 1436 1246 1476 sibi
1294 1435 1456 1485 hostes,
1506 1435 1579 1488 qui
1626 1434 1792 1474 civibus

298 1513 510 1553 Romanis
543 1512 766 1553 infamiam
810 1513 1066 1554 intulissent.
1113 1537 1166 1542 —
1211 1512 1409 1554 Adverte
1451 1517 1597 1553 autem
1632 1512 1687 1562 id,
1723 1525 1792 1552 me

297 1590 452 1643 iudice,
472 1604 557 1630 non
577 1590 786 1644 Principis
804 1590 880 1630 sed
899 1591 1108 1644 propositi
1126 1590 1191 1631 sui
1209 1603 1341 1631 causa
1357 1596 1533 1644 poetam
1548 1589 1790 1630 dixisse.—

297 1668 410 1708 Dein
458 1681 546 1720 quo
589 1669 729 1721 magis
771 1668 1043 1709 auditoribus
1085 1668 1172 1708 suis
1209 1667 1483 1721 persuadeat,
1520 1672 1567 1707 ut
1598 1667 1791 1707 animum

297 1759 422 1787 suum
455 1746 656 1786 doctrina
682 1745 765 1785 hac
793 1745 964 1798 penitus
992 1744 1201 1794 imbuant,
1222 1744 1392 1785 duobus
1410 1744 1546 1784 utitur
1563 1743 1790 1796 exemplis,

298 1823 426 1863 foedo
484 1823 622 1864 altero
670 1828 802 1876 atque
850 1822 1153 1875 ignominioso,
1203 1821 1342 1862 altero
1389 1827 1536 1862 autem
1583 1820 1789 1873 glorioso.

298 1899 408 1940 Illud
455 1899 652 1953 depingit
699 1899 810 1940 tristi
857 1898 1016 1951 colore,
1063 1898 1148 1939 hoc
1190 1898 1362 1939 extollit
1405 1911 1577 1938 summo
1619 1898 1790 1938 ardore.

298 1976 462 2031 Atque,
497 1983 709 2031 quantum
742 1990 825 2030 ego
858 1977 996 2030 capio,
1032 1976 1269 2030 aptissime.
1307 2000 1359 2004 —

625 2119 706 2171 §3.
741 2118 870 2172 QUID
902 2127 1044 2159 VELIT
1076 2127 1217 2160 IPSUM
1249 2127 1462 2159 CARMEN.

416 2240 454 2266 a.
488 2225 554 2266 De
585 2225 797 2265 sententia
829 2224 1053 2278 ιροίίίίαΐ,
1084 2239 1218 2278 quam
1252 2231 1418 2265 vocant.

357 2319 482 2374 Quae
524 2327 758 2374 postquam
801 2321 985 2374 exposui
1028 2320 1113 2360 iam
1146 2333 1296 2361 eorum
1329 2318 1544 2361 tradenda
1575 2325 1618 2361 et
1651 2320 1790 2374 inqui-

298 2398 433 2438 renda
474 2403 541 2438 est
572 2398 733 2451 opinio,
768 2397 841 2450 qui
873 2397 1197 2438 Mommsenum
1230 2396 1320 2437 fere
1352 2397 1488 2437 secuti
1521 2396 1791 2438 contendunt

297 2475 493 2516 versibus
510 2475 577 2516 his
596 2475 836 2529 praedicari
855 2475 1147 2528 expeditionis
1164 2474 1394 2515 Parthicae
1412 2474 1716 2515 necessitatem
1735 2498 1789 2502 —

296 2553 447 2606 verbo,
489 2553 576 2608 qui,
621 2559 668 2593 ut
714 2551 857 2605 lepide
900 2551 1112 2592 Iurenka:
1156 2550 1346 2600 „Politik
1388 2550 1604 2592 wittern.''
1637 2575 1694 2580 --
1728 2551 1792 2592 Ut

297 2644 447 2671 eorum
496 2630 746 2684 opinionem
790 2629 844 2669 de
886 2629 1026 2683 prima
1067 2628 1249 2682 stropha
1281 2628 1362 2669 rite
1393 2633 1645 2677 tractemus,
1679 2641 1790 2681 opus

298 2714 364 2749 est
422 2713 468 2748 ut
526 2708 612 2748 iam
663 2707 719 2748 de
765 2707 899 2748 totius
946 2706 1150 2747 carminis
1196 2706 1514 2759 compositione
1562 2705 1788 2754 dicamus,

350 2839 382 2882 1)
408 2838 458 2873 l.1.
483 2849 568 2884 pag.
599 2837 675 2881 167.
