1955 3157
484 996 530 1031 70

484 1333 527 1370 75

486 1663 531 1699 80

354 1766 542 1808 Carmen
604 1773 822 1822 quartum,
881 1781 1151 1822 quamquam
1207 1767 1521 1821 longissimum,
1582 1780 1788 1820 magnam

294 1844 544 1899 disputandi
593 1845 819 1885 materiam
862 1858 949 1885 non
991 1845 1186 1899 praebet.
1231 1844 1347 1886 Satis
1378 1845 1495 1885 enim
1527 1844 1790 1884 conveniunt

294 1921 406 1963 inter
438 1935 484 1962 se
516 1922 776 1976 interpretes
809 1922 863 1962 de
890 1923 931 1962 vi
958 1936 1010 1963 ac
1037 1922 1352 1976 significatione
1380 1922 1507 1963 huius
1525 1921 1649 1962 odae.
1667 1921 1789 1961 Non-

998 253 1079 295 109

625 372 699 416 Qui
724 382 808 406 rore
832 382 927 417 puro
953 370 1141 405 Castaliae
1165 369 1259 404 lavit

625 432 756 466 Crines
780 431 933 474 solutos,
958 430 1023 476 qui
1048 429 1185 474 Lyciae
1211 435 1314 463 tenet

672 491 837 525 Dumeta
862 489 1102 535 natalemque
1128 488 1278 530 silvam,

720 549 851 584 Delius
876 555 913 584 et
937 550 1118 583 Patareus
1142 547 1292 594 Apollo.

625 650 694 684 Vis
719 649 850 684 consili
876 660 1008 695 expers
1032 649 1132 683 mole
1157 648 1231 683 ruit
1257 659 1343 683 sua:

625 709 712 743 Vim
739 714 986 754 temperatam
1013 708 1051 742 di
1077 719 1227 753 quoque
1253 707 1467 753 provehunt

672 769 716 802 In
741 768 883 812 maius3
908 767 1009 802 idem
1034 767 1147 802 odere
1172 767 1271 801 vires

720 828 840 862 Omne
866 826 972 862 nefas
997 826 1124 861 animo
1149 832 1355 861 moventes.

624 927 747 962 Testis
770 938 942 962 mearum
968 927 1202 961 centimanus
1228 926 1331 971 Gyas

626 987 916 1031 Sententiarum,
941 992 1052 1021 notus
1079 992 1115 1021 et
1141 986 1309 1031 integrae

671 1047 893 1092 Temptator
918 1045 1033 1080 Orion
1059 1045 1204 1080 Dianae

719 1106 898 1150 Virginea
924 1105 1089 1140 domitus
1114 1105 1271 1150 sagitta;

627 1207 767 1241 Iniecta
792 1207 968 1241 monstris
992 1207 1110 1241 Terra
1135 1206 1238 1240 dolet
1263 1206 1339 1240 suis

627 1267 844 1311 Maeretque
870 1273 1001 1311 partus
1026 1265 1182 1300 fulmine
1207 1265 1373 1299 luridum

673 1326 806 1360 Missos
832 1325 881 1359 ad
907 1325 1069 1369 Orcum;
1093 1335 1162 1359 nec
1188 1324 1331 1370 peredit

722 1385 940 1430 Impositam
967 1385 1065 1419 celer
1089 1384 1185 1429 ignis
1210 1385 1386 1428 Aetnam,

629 1485 898 1520 Incontinentis
923 1496 991 1519 nec
1016 1485 1118 1530 Tityi
1144 1485 1246 1519 iecur

627 1545 795 1590 Reliquit
820 1545 911 1588 ales,
936 1545 1125 1590 nequitiae
1152 1545 1303 1579 additus

677 1605 813 1639 Custos
837 1610 1046 1639 amatorem
1072 1610 1260 1638 trecentae

722 1664 931 1698 Pirithoum
957 1664 1135 1698 cohibent
1159 1670 1323 1698 catenae.

296 1998 414 2039 nulla
444 2005 593 2040 tamen
625 2000 940 2053 perpendenda
972 2000 1097 2040 nobis
1130 2006 1268 2041 erunt.

355 2076 616 2117 Rectissime
648 2077 861 2130 imprimis
895 2077 1063 2118 monuit
1095 2077 1470 2129 Mommsenus1>z

357 2153 513 2202 „Mehr
560 2154 624 2194 als
669 2154 887 2195 vielleicht
934 2159 1056 2195 sonst
1103 2154 1199 2195 tritt
1244 2153 1340 2194 hier
1386 2153 1456 2194 die
1503 2152 1666 2194 Person
1713 2152 1790 2193 des

296 2231 501 2272 Dichters
529 2232 573 2272 in
600 2231 685 2272 den
702 2230 1062 2285 Vordergrund’',
1092 2231 1250 2286 quibus
1273 2230 1418 2272 verbis
1433 2230 1568 2271 totius
1585 2230 1790 2271 carminis

296 2308 486 2349 indolem
519 2309 743 2363 propriam
776 2309 1027 2363 designasse
1055 2322 1154 2350 eum
1181 2309 1327 2350 credo.
1355 2309 1491 2349 Porro
1519 2322 1632 2362 quae
1649 2314 1790 2349 atten—

296 2387 451 2427 damus
478 2387 734 2440 dignissima
759 2393 859 2428 sunt
887 2386 995 2427 haec
1023 2387 1065 2427 in
1083 2385 1168 2426 fine
1186 2386 1351 2440 posita:
1372 2386 1483 2436 „Die
1500 2385 1791 2439 Ausftihrung

297 2463 356 2504 im
389 2463 625 2505 Einzelnen
658 2464 764 2505 lasst
791 2463 860 2505 die
888 2463 1142 2506 Erdenwelt
1167 2463 1297 2504 fallen
1325 2463 1413 2504 und
1432 2463 1487 2505 ist
1504 2463 1595 2504 rein
1613 2463 1790 2517 mytho-

296 2540 464 2595 logisch
511 2540 740 2595 gehalten;
788 2541 858 2582 die
906 2539 1018 2582 Gaia
1062 2540 1192 2582 weint
1239 2555 1312 2582 um
1354 2540 1447 2581 ihre
1489 2540 1790 2582 Riesensohne

297 2631 406 2672 ganz
464 2619 543 2659 wie
599 2618 677 2659 auf
722 2618 823 2659 dem
870 2618 1259 2672 pergamenischen
1309 2618 1430 2658 Fries
1447 2616 1521 2671 2).''
1572 2617 1788 2658 Nimirum

349 2785 382 2828 1)
407 2782 464 2818 Cf.
490 2783 540 2818 l.l.
565 2794 651 2829 pag.
677 2793 734 2828 30.

346 2862 383 2906 2)
407 2860 464 2896 Cf.
492 2860 645 2895 ibidem.
