1955 3157
441 351 484 389 25

442 701 488 736 30

442 1049 485 1086 35

441 1401 490 1434 40

444 1804 488 1841 45

449 2492 490 2529 55

450 2828 497 2863 60

978 223 1031 266 73

583 344 663 377 Iam
689 353 758 378 nec
783 344 978 377 Lacaenae
1003 341 1174 387 splendet
1200 341 1393 375 adulterae

583 403 766 437 Famosus
791 402 927 447 hospes
952 412 1021 436 nec
1047 400 1185 434 Priami
1211 400 1346 435 domus

631 461 784 496 Periura
810 471 1000 507 pugnaces
1025 459 1192 494 Achivos

677 520 873 555 Hectoreis
898 519 1032 565 opibus
1057 517 1242 562 refringit,

582 633 804 678 Nostrisque
828 632 984 667 ductum
1009 630 1255 666 seditionibus

584 691 730 726 Bellum
757 691 912 735 resedit;
938 690 1109 736 protinus
1135 695 1170 724 et
1197 700 1332 734 graves

632 751 710 786 Iras
735 758 772 785 et
797 751 960 785 invisum
986 755 1174 795 nepotem,

678 811 813 845 Troica
839 821 951 856 quem
976 809 1120 856 peperit
1145 808 1332 850 sacerdos,

584 922 696 957 Marti
721 922 925 957 redonabo.
952 922 1058 956 illum
1084 932 1153 966 ego
1179 920 1324 955 lucidas

585 982 682 1016 Inire
709 982 831 1027 sedes,
854 982 998 1016 discere
1024 981 1186 1016 nectaris

631 1042 749 1076 Sucos
773 1048 809 1076 et
834 1041 998 1076 adscribi
1023 1041 1158 1086 quietis

680 1101 885 1135 Ordinibus
911 1101 1033 1146 patiar
1058 1100 1226 1134 deorum.

587 1215 688 1248 Dum
715 1213 850 1258 longus
876 1214 972 1248 inter
998 1213 1142 1248 saeviat
1169 1212 1262 1246 Ilion

586 1274 823 1318 Romamque
849 1278 997 1318 pontus,
1024 1272 1193 1318 qualibet
1218 1271 1364 1306 exsules

634 1332 675 1365 In
702 1337 807 1377 parte
832 1338 1016 1376 regnanto
1042 1331 1162 1375 beati3

681 1392 783 1425 Dum
809 1391 947 1425 Priami
973 1391 1193 1436 Paridisque
1218 1390 1329 1424 busto

588 1504 745 1539 Insultet
769 1510 982 1538 armentum
1010 1509 1045 1538 et
1072 1503 1216 1537 catulos
1242 1502 1342 1536 ferae

585 1563 718 1617 Celent
743 1563 896 1607 inultae,
923 1569 993 1597 stet
1021 1562 1249 1608 Capitolium

634 1623 798 1667 Fulgens
823 1623 1140 1668 triumphatisque
1166 1621 1282 1668 possit

683 1684 806 1717 Roma
832 1682 934 1716 ferox
960 1682 1051 1716 dare
1078 1682 1159 1715 iura
1184 1680 1320 1715 Medis:

588 1795 787 1830 Horrenda
814 1795 888 1829 late
914 1806 1052 1829 nomen
1080 1795 1118 1829 in
1144 1794 1296 1829 ultimas

588 1855 776 1889 Extendat
802 1866 898 1898 oras,
924 1865 999 1899 qua
1025 1854 1171 1888 medius
1198 1854 1320 1898 liquor

636 1914 803 1949 Secernit
829 1915 1007 1959 Europen
1032 1913 1082 1947 ab
1107 1912 1212 1957 Afro,

681 1973 766 2017 Qua
792 1973 960 2008 tumidus
986 1973 1083 2017 rigat
1108 1984 1202 2006 arva
1227 1972 1347 2006 Nilus.

587 2081 733 2115 Aurum
760 2080 982 2126 irrepertum
1009 2085 1046 2114 et
1071 2079 1123 2114 sic
1148 2078 1283 2113 melius
1308 2078 1422 2113 situm

588 2140 685 2175 Cum
711 2146 812 2174 terra
836 2139 945 2181 celat,
971 2149 1145 2184 spernere
1171 2137 1300 2172 fortior

638 2199 763 2244 Quam
789 2209 921 2243 cogere
948 2199 1135 2233 humanos
1160 2198 1198 2232 in
1226 2208 1315 2232 usus

684 2259 806 2292 Omne
831 2269 980 2293 sacrum
1006 2257 1174 2303 rapiente
1199 2256 1342 2298 dextra,

592 2365 830 2410 Quicumque
856 2364 987 2399 mundi
1013 2364 1195 2399 terminus
1221 2363 1377 2407 obstitit,

590 2426 702 2459 Hunc
729 2429 856 2468 tanget
882 2424 1009 2466 armis,
1034 2423 1154 2458 visere
1180 2422 1353 2467 gestiens,

637 2485 722 2530 Qua
747 2489 855 2529 parte
879 2483 1160 2518 debacchentur
1186 2483 1301 2527 ignes,

687 2544 771 2587 Qua
797 2543 958 2577 nebulae
984 2543 1179 2588 pluviique
1205 2553 1317 2577 rores.

590 2651 664 2685 Sed
691 2650 876 2685 bellicosis
903 2649 980 2684 fata
1007 2648 1216 2694 Quiritibus

591 2711 674 2744 Hac
698 2710 780 2754 lege
805 2709 901 2753 dico,
927 2719 974 2743 ne
998 2708 1157 2742 nimium
1183 2707 1234 2753 pii

639 2769 843 2814 Rebusque
868 2768 1026 2803 fidentes
1052 2768 1176 2802 avitae

687 2829 802 2863 Tecta
830 2828 945 2862 velint
972 2838 1143 2872 reparare
1170 2826 1314 2861 Troiae.
