1955 3157
955 219 1000 248 11

284 337 686 379 Assentiendumne
730 338 861 391 igitur
902 342 969 378 est
1002 337 1073 378 Fr.
1108 336 1413 391 Kreppelio1),
1447 337 1520 390 qui
1554 351 1716 378 nexum

225 416 336 456 inter
381 415 610 468 stropham
652 414 835 456 alteram
876 420 920 455 et
962 428 1034 455 eas
1078 427 1190 467 quae
1232 420 1484 467 sequuntur,
1518 416 1718 468 quamvis

223 492 388 542 laxum,
437 492 589 532 adesse
621 498 769 532 tamen
801 491 1014 546 perhibet,
1047 504 1099 531 ea
1131 491 1299 532 ratione
1332 498 1491 544 motus,
1525 492 1643 545 quod
1676 493 1718 532 in

225 576 409 624 utraque
454 576 579 624 parte
625 583 769 610 sermo
817 570 872 610 sit
914 570 969 610 de
1011 569 1210 622 potentia
1252 568 1457 621 quadam,
1492 568 1717 610 hominum

223 648 337 688 vires
369 647 631 701 superante?

283 724 463 765 Minime
494 737 611 778 vero,
645 730 691 765 ut
724 724 830 764 mihi
861 723 1046 766 videtur.
1076 723 1254 764 Etenim
1283 723 1326 763 in
1353 730 1508 776 quarta
1536 722 1720 777 stropha

225 801 460 842 necessitas
491 808 640 843 tantae
674 802 896 855 potentiae
930 815 1017 842 non
1050 807 1138 852 est;
1172 800 1326 841 saltem
1360 814 1447 841 non
1481 801 1641 841 diserte
1668 814 1720 841 ea

224 885 417 920 ornatur.
477 879 594 920 Tota
650 879 827 919 demum
875 879 1198 932 argumentatio
1246 884 1403 932 poetae
1450 878 1535 918 huc
1582 877 1718 918 redit:

224 955 432 1009 Quisquis
465 970 524 1006 es,
557 957 778 1007 morieris;
813 970 974 1009 quaere
1004 969 1110 1010 ergo
1140 960 1378 1012 ἀταραξίαν
1405 962 1451 996 ut
1478 955 1622 995 brevis
1645 961 1720 995 tua

224 1035 315 1075 vita
362 1035 504 1075 anxiis
546 1034 660 1074 curis
703 1034 872 1075 careat!
912 1032 1022 1074 Cum
1056 1040 1201 1074 autem
1234 1039 1444 1086 tanquam
1479 1032 1534 1073 ab
1567 1031 1721 1072 ultima

224 1118 342 1153 terra
399 1112 650 1165 quaerenda
706 1110 1007 1164 trahendaque
1068 1118 1134 1152 est
1186 1110 1435 1151 huiusmodi
1483 1109 1720 1163 explicatio

225 1202 448 1243 nunquam
491 1195 558 1230 est
596 1188 885 1243 admittenda⁷
919 1189 1050 1242 idque
1083 1202 1135 1229 eo
1168 1189 1309 1228 minus
1342 1200 1439 1227 cum
1474 1187 1720 1227 necessaria

225 1280 311 1307 non
358 1272 438 1307 est.
487 1266 668 1307 Minime
715 1266 861 1306 hercle
904 1265 1029 1306 facile
1073 1267 1154 1307 erit
1185 1266 1390 1318 cuiquam
1423 1270 1580 1319 poetae
1612 1263 1720 1304 duas

224 1357 490 1398 componere
550 1344 768 1397 strophas,
818 1358 930 1397 quae
978 1357 1065 1384 non
1111 1343 1303 1396 aliquam
1346 1342 1719 1396 comparationem

225 1421 431 1470 habeant,
467 1421 501 1461 si
534 1434 559 1461 a
591 1421 686 1461 viro
717 1421 863 1474 sagaci
897 1420 1190 1462 dissecentur!

284 1498 575 1539 Doctissimus
621 1499 686 1539 vir
717 1498 911 1551 Jurenka
928 1499 961 1552 2)
993 1498 1218 1539 existimat
1251 1497 1294 1538 id
1327 1496 1467 1537 solum
1500 1502 1721 1550 spectasse

224 1575 473 1628 Horatium,
516 1589 570 1616 ne
603 1575 783 1616 celerius
815 1589 839 1616 e
872 1575 1096 1628 superiore
1128 1574 1184 1615 ad
1217 1574 1462 1615 inferiorem
1497 1574 1720 1627 regionem

225 1653 457 1702 laberetur,
492 1653 763 1707 alteramque
794 1653 876 1693 sibi
909 1652 1136 1706 stropham
1169 1658 1378 1705 tanquam
1412 1658 1591 1705 pontem
1619 1664 1721 1690 con-

224 1730 449 1784 struxisse,
497 1744 585 1784 quo
632 1732 831 1785 iungeret
874 1737 1106 1784 utramque
1148 1731 1302 1784 ripam.
1344 1729 1501 1779 „Turis
1533 1727 1720 1768 odores²⁹

225 1808 320 1861 ipso
378 1807 518 1848 iudice
565 1809 724 1848 sensim
770 1809 864 1849 sine
911 1821 1037 1848 sensu
1088 1807 1261 1861 reliquit
1308 1813 1452 1860 poeta.
1505 1804 1721 1855 „Freilich

225 1884 410 1926 verlasst
440 1899 487 1925 er
519 1885 656 1926 sehon
689 1885 759 1926 die
791 1885 1390 1926 Weihrauch-durchduftete
1417 1883 1616 1938 Spharen
1644 1882 1723 1922 der

226 1968 372 2003 ersten
433 1962 624 2016 Strophe
672 1962 761 2003 und
809 1962 940 2003 kehrt
988 1963 1030 2003 in
1077 1962 1371 2003 menschliche
1419 1960 1722 2002 Verhaltnisse

226 2040 308 2089 ein,
351 2039 456 2080 aber
497 2040 611 2080 noch
657 2041 699 2080 in
733 2040 998 2093 Konigliche
1018 2071 1026 2080 .
1047 2073 1055 2080 .
1078 2072 1115 2080 ..
1150 2039 1238 2080 und
1271 2039 1410 2080 damit
1441 2037 1637 2092 zugleich
1671 2051 1722 2078 zu

227 2116 365 2158 Vater
398 2117 590 2158 Homer:
623 2118 667 2157 in
701 2118 903 2171 proprios
934 2130 1115 2171 greges:
1149 2121 1357 2170 ποιμένεσ
1387 2116 1536 2158 λαῶν”
1556 2114 1601 2168 3).

286 2193 473 2235 Acutius
520 2195 630 2235 haec
676 2195 824 2235 omnia
872 2208 1005 2247 quam
1048 2194 1190 2234 verius
1232 2199 1333 2234 sunt
1374 2193 1506 2235 dicta.
1538 2217 1594 2222 ——
1628 2192 1722 2232 Nisi

226 2272 338 2313 forte
369 2272 574 2313 sacerdos
602 2273 879 2325 virginesque
907 2272 1117 2326 puerique
1140 2272 1219 2325 ipsi
1238 2271 1331 2311 Iovi
1349 2270 1402 2313 O.
1422 2270 1480 2311 M.
1497 2276 1723 2324 praestant

226 2349 471 2399 sanctitate,
506 2349 808 2389 caeremonia.
830 2382 837 2391 .
859 2380 869 2389 .
902 2349 1008 2389 turis
1041 2347 1199 2389 odore!

287 2426 519 2467 Praeterea
565 2426 692 2466 nimis
739 2425 925 2466 fortasse
968 2425 1156 2479 simplex
1200 2431 1346 2478 potest
1387 2425 1534 2466 vocari
1577 2424 1723 2478 pontis

280 2609 312 2652 1)
338 2607 395 2642 Cf.
422 2607 472 2642 l.l.
498 2618 583 2653 pag.
611 2606 656 2642 26
682 2619 763 2653 sqq.

277 2686 313 2729 2)
337 2684 555 2728 Philologus
585 2684 683 2729 1898.
711 2695 746 2730 p.
774 2694 853 2730 290.
883 2685 977 2719 »Zur
1003 2685 1243 2729 Wurdigung
1267 2685 1335 2719 der
1360 2684 1635 2719 R61neroden’'.

277 2762 312 2805 3)
338 2762 472 2795 Postea
510 2772 622 2807 saepe
656 2762 870 2796 videbimus
900 2773 975 2807 qua
1001 2762 1187 2796 constanti
1213 2762 1357 2796 ratione
1382 2762 1416 2796 d.
1434 2773 1469 2796 V.
1495 2761 1621 2796 omnia
1648 2760 1723 2795 fere

230 2826 265 2854 et
292 2820 439 2865 singula
466 2821 613 2855 Horatii
642 2821 759 2855 verba
785 2821 835 2855 ad
862 2821 1008 2856 Graeca
1033 2821 1205 2867 exempla
1231 2821 1409 2856 reducere
1435 2827 1592 2856 conatus
1618 2821 1676 2855 sit.
