1955 3157
958 231 1011 270 88

350 381 375 433 ᾗ
403 391 439 420 2.
479 379 678 420 IUNONIS
710 386 902 419 ORATIO.
938 378 1268 418 INTERPRETES
1300 385 1604 418 DIVIDUNTUR

759 464 811 495 IN
841 463 960 495 TRES
992 463 1201 496 CLASSES.

292 551 416 606 Quae
445 557 679 605 postquam
707 549 973 591 absolvimus
1000 549 1056 589 ad
1073 549 1315 602 longiorem
1333 549 1536 590 carminis
1552 555 1722 603 partem

232 635 298 670 est
314 628 642 677 transeundum,
661 641 748 682 qua
765 627 1011 668 continetur
1029 626 1205 667 Iunonis
1223 627 1376 667 oratio.
1391 627 1722 667 Diversissimae

232 713 275 747 et
322 705 392 746 hic
438 705 713 746 cumulantur
760 704 1015 753 sententiae,
1060 717 1195 757 quare
1237 717 1312 744 eas
1354 710 1402 744 ut
1433 703 1598 744 facilius
1632 717 1722 745 rem

232 783 544 836 perspiciamus
571 782 612 822 in
641 794 802 834 genera
829 781 1046 834 quaedam
1075 780 1333 830 dividemus,
1351 794 1537 835 quorum
1554 780 1724 834 singula

233 861 407 901 brevius
432 873 564 914 quam
592 858 767 899 uberius
785 864 1053 911 pertractare
1070 857 1199 898 malo.
1218 858 1372 912 Itaque
1389 857 1677 912 Kreppelium
1691 856 1722 911 1)

233 938 367 978 ferme
399 937 536 977 secuti
567 936 788 989 tripartito
821 935 881 975 sic
913 935 1198 976 tractabimus
1229 936 1464 988 scriptores
1491 935 1648 985 varios,
1676 941 1724 976 ut

233 1014 339 1054 alios
386 1014 581 1054 dicamus
628 1011 883 1052 historicam
931 1012 1105 1052 tradere
1155 1012 1572 1065 interpretationem,
1616 1012 1724 1053 alios

233 1090 456 1138 moralem,
491 1089 599 1129 alios
632 1089 820 1143 denique
852 1088 1011 1129 docere
1043 1088 1107 1128 ad
1132 1088 1312 1129 verbum
1344 1102 1438 1129 esse
1471 1089 1723 1143 intellegen-

233 1168 336 1209 dum
370 1180 541 1221 poema.

352 1317 389 1345 a.
423 1303 490 1343 De
522 1303 580 1344 z'z's
610 1302 691 1355 qui
719 1302 973 1343 historicam
1007 1303 1195 1344 tradunt
1225 1303 1637 1356 interpretationem.

292 1397 514 1439 Historica
555 1398 868 1451 interpretatio,
912 1411 1024 1451 quae
1057 1398 1234 1438 minime
1266 1404 1332 1439 est
1364 1411 1478 1439 nova
1509 1399 1722 1451 originem

233 1488 354 1515 suam
403 1475 530 1516 duxit
577 1488 634 1514 ex
676 1474 773 1515 loco
816 1475 1044 1515 notissimo
1086 1474 1282 1516 Suetonii
1301 1477 1332 1527 2)
1375 1475 1446 1516 ubi
1489 1481 1533 1515 et
1564 1475 1649 1515 alia
1680 1481 1725 1516 et

232 1552 341 1592 haec
373 1558 625 1593 narrantur:
661 1550 806 1605 „Quin
833 1552 966 1592 etiam
993 1552 1113 1592 varia
1140 1552 1257 1592 fama
1279 1552 1548 1605 percrebruit
1566 1553 1724 1605 migra-

232 1635 377 1670 turum
405 1628 724 1669 Alexandriam
752 1628 819 1669 vel
842 1628 980 1678 Ilium,
999 1629 1221 1670 translatis
1238 1629 1365 1670 simul
1381 1630 1538 1683 opibus
1555 1630 1723 1683 imperii

232 1720 268 1748 e.
287 1720 329 1760 q.
348 1706 411 1748 S.'’
461 1706 595 1746 Varie
642 1712 789 1746 tamen
836 1706 984 1759 opinio
1032 1706 1140 1746 haec
1188 1712 1356 1747 mutata
1403 1712 1481 1747 est.
1531 1706 1723 1747 Primum

232 1783 347 1823 enim
394 1783 630 1824 credebant
676 1782 870 1823 nonnulli
913 1782 1165 1836 Augustum
1198 1783 1442 1836 Principem
1475 1783 1588 1824 idem
1621 1797 1723 1824 con-

232 1859 373 1900 silium
416 1859 631 1913 migrandi
673 1859 889 1908 habuisse,
933 1859 1051 1913 quod
1095 1863 1250 1913 ‘pater'
1292 1860 1382 1901 eius
1420 1860 1523 1900 olim
1556 1860 1721 1902 habuit.

233 1936 377 1990 Quam
419 1937 669 1990 opinionem
713 1936 844 1977 hodie
888 1950 1015 1977 nemo
1052 1943 1209 1979 tuetur.
1244 1937 1334 1977 Alii
1367 1943 1513 1978 autem
1546 1944 1722 1978 conten-

232 2014 341 2054 dunt
368 2014 447 2067 ipsi
476 2013 682 2067 Augusto
711 2014 973 2066 persuadere
1001 2014 1231 2055 nonnullos
1258 2014 1445 2055 voluisse
1473 2022 1520 2055 ut
1545 2015 1721 2056 Troiam

233 2091 578 2143 transmigraret,
620 2090 691 2131 alii
733 2091 977 2132 Antonium
1022 2091 1092 2131 hic
1134 2092 1334 2145 spectari⁷
1380 2093 1543 2146 quippe
1574 2093 1647 2146 qui
1679 2092 1723 2132 in

233 2165 459 2208 Orientem
492 2168 577 2207 iam
609 2168 879 2209 transtulerit
912 2169 1080 2222 imperii
1113 2169 1260 2209 sedem
1279 2167 1324 2221 3).

286 2321 318 2362 1)
344 2318 400 2353 Cf.
426 2319 477 2354 l.l.
503 2330 587 2364 pag.
614 2330 648 2365 9,
674 2331 757 2365 sqq.
785 2321 868 2366 Ipse
893 2327 1020 2354 tamen
1046 2327 1224 2366 quattuor
1250 2332 1386 2366 genera
1407 2321 1612 2367 proposuit,
1625 2332 1723 2367 quae

233 2384 361 2412 vocat:
397 2378 617 2413 »Politische
652 2399 695 2403 —
729 2379 952 2414 historische
977 2400 1022 2404 —
1049 2380 1238 2415 wortliche
1265 2400 1308 2404 —
1335 2380 1607 2416 moralistische
1631 2380 1721 2415 Auf-

234 2436 424 2481 fassung”.

281 2522 319 2563 2)
347 2521 387 2554 In
416 2521 491 2554 vita
517 2520 553 2555 d.
580 2521 664 2555 Iulii
690 2531 720 2556 c.
748 2529 804 2566 79.

282 2599 317 2640 3)
343 2597 490 2631 Horum
518 2608 696 2642 generum
724 2598 816 2632 nulli
843 2609 918 2632 non
944 2598 1165 2633 adversatur
1192 2599 1407 2634 Corssenus.
1434 2601 1568 2645 Neque
1592 2600 1722 2635 inutile

234 2655 325 2689 mihi
354 2656 500 2690 videtur
526 2657 651 2691 statim
678 2657 883 2692 doctissimi
910 2658 979 2691 viri
1005 2658 1297 2703 disputationem
1322 2659 1464 2693 audire.
1491 2660 1595 2693 Haec
1623 2659 1722 2693 enim

233 2714 360 2748 docet:
388 2715 496 2750 »Und
517 2716 615 2750 doch
637 2716 782 2750 scheint
796 2717 879 2759 mir,
893 2717 1009 2751 sehon
1023 2728 1091 2751 aus
1105 2717 1183 2751 rein
1197 2717 1514 2761 geschichtlichen
1529 2718 1721 2762 Grandes„

234 2773 294 2807 die
331 2775 531 2809 Annahme
569 2775 657 2810 dasz
697 2776 825 2819 irgend
862 2776 1019 2820 Jemand
1057 2776 1129 2810 den
1163 2777 1310 2821 August
1334 2788 1376 2810 zu
1403 2777 1555 2811 solchen
1581 2778 1721 2811 Planen

238 2832 419 2877 gedrangt
459 2833 548 2868 oder
583 2845 649 2878 gar
683 2834 742 2868 die
776 2835 1035 2879 Zeitgenossen
1062 2835 1126 2869 ihn
1151 2836 1266 2870 selbst
1291 2836 1437 2870 solcher
1462 2837 1720 2880 Erwagungen
