1955 3157
903 246 950 289 15

183 365 388 408 Ceterum
441 367 534 420 ipse
581 366 843 420 Kreppelius
890 366 1051 407 fatetur
1097 379 1272 406 carmen
1321 372 1492 407 resecta
1539 367 1676 408 altera

181 443 366 497 stropha
406 457 500 484 esse
542 457 720 497 prorsus
752 443 1015 493 absolutum,
1048 449 1180 497 atque
1211 443 1451 497 elegantius
1484 443 1673 486 fortasse

181 519 431 561 absolutum
449 517 494 573 1).

243 597 375 651 Ergo,
434 597 631 647 dicimus,
692 611 937 638 resecemus
983 596 1211 650 stropham
1258 597 1386 638 istam
1435 611 1460 637 a
1508 597 1675 651 reliquo

181 675 386 723 carmine,
419 680 552 728 atque
586 675 785 727 quamvis
817 675 859 715 in
893 674 1276 728 argumentatione
1308 687 1406 714 cum
1440 674 1678 716 Karstenio

182 765 268 792 non
302 751 526 804 faciamus,
558 752 600 792 in
634 752 910 793 conclusione
945 759 1095 794 tamen
1122 764 1220 792 cum
1249 764 1300 791 eo
1319 751 1565 791 faciendum
1585 765 1678 792 esse

181 828 366 869 videtur.
414 853 471 858 —
514 827 794 882 Quamquam
837 842 924 869 non
966 828 1083 868 omni
1116 842 1174 868 ex
1206 833 1346 880 parte.
1381 827 1528 868 Variis
1561 828 1676 868 enim

182 905 323 946 modis
380 905 591 959 explicari
649 912 808 959 potest,
857 905 1027 946 etiamsi
1076 919 1101 945 a
1148 904 1324 957 reliquis
1372 905 1429 946 sit
1477 911 1679 958 separata

181 982 365 1036 stropha
411 983 535 1023 haec.
585 982 686 1032 Sed,
735 989 783 1024 ut
828 989 895 1024 est
942 983 985 1022 in
1033 982 1268 1036 proverbio
1315 981 1452 1035 (haud
1500 982 1677 1035 quidem

181 1060 371 1114 vetere):
407 1060 566 1109 „variis
599 1059 741 1101 modis
774 1061 884 1101 bene
917 1059 1024 1101 fit..
1046 1093 1053 1100 .
1075 1092 1108 1101 ..
1141 1066 1186 1100 et
1218 1059 1375 1100 male''.

242 1136 351 1190 Quis
379 1138 493 1178 enim
513 1137 791 1191 praeiudiciis
814 1151 900 1178 non
920 1143 1074 1191 captus
1092 1143 1216 1191 putet
1233 1136 1482 1185 Horatium,
1502 1142 1678 1190 poetam

183 1213 302 1255 illum
349 1228 482 1255 sanae
530 1215 687 1255 mentis
734 1215 909 1268 egregie
955 1228 1128 1268 semper
1174 1221 1439 1268 compotem,
1484 1228 1677 1267 unquam

183 1291 392 1332 delusisse
433 1291 687 1345 Augustum
732 1292 855 1344 quasi
889 1298 1075 1341 „cuncta
1106 1291 1337 1345 supercilio
1370 1299 1619 1333 moventem
1634 1290 1676 1332 ?”

182 1368 279 1408 Aut
331 1367 476 1409 verbis
533 1368 687 1410 ludens
744 1369 890 1410 iocose
946 1369 1232 1409 Homericum
1289 1369 1392 1410 illud
1411 1370 1466 1422 2);
1526 1375 1679 1419 ,,νεῦσε

181 1445 411 1502 Κρονίων”
445 1446 639 1488 imitatus
667 1452 733 1487 est
759 1453 840 1487 aut
864 1447 991 1487 serio.
1020 1471 1028 1476 -
1067 1471 1077 1476 -
1104 1446 1150 1487 Si
1178 1447 1336 1495 iocose,
1366 1470 1422 1476 —
1449 1447 1567 1500 quod
1595 1460 1678 1500 ego

182 1536 270 1563 non
312 1529 419 1577 puto
460 1547 530 1572 ——,
572 1524 722 1564 Iovem
766 1524 912 1577 potius
955 1524 1024 1576 (lic
1063 1559 1072 1564 ,
1105 1523 1189 1564 hoc
1221 1523 1318 1564 loco
1351 1523 1513 1577 inepte)
1545 1537 1677 1577 quam

182 1599 435 1653 Augustum
477 1600 744 1654 significasse
781 1614 881 1642 eum
913 1601 1071 1642 iudico.
1105 1600 1151 1642 Si
1182 1601 1309 1653 serio,
1343 1600 1678 1654 reprehensione

183 1676 439 1731 dignissima
479 1691 526 1718 se
558 1678 764 1732 proderet
796 1677 989 1718 adulatio
1023 1691 1135 1731 quae
1167 1677 1223 1718 ab
1256 1677 1399 1718 indole
1433 1678 1678 1719 Horatiana

183 1754 288 1794 mihi
324 1754 497 1796 videtur
528 1755 804 1798 alienissima.
838 1754 970 1808 Quod
1002 1755 1038 1795 si
1071 1755 1168 1807 quis
1202 1767 1362 1808 negare
1394 1754 1498 1795 velit
1529 1761 1678 1796 tamen

182 1831 377 1873 adulatio
423 1831 532 1872 haec
581 1831 758 1873 Caesari
805 1833 882 1872 vix
928 1831 1176 1886 placuisset,
1227 1857 1281 1862 —
1325 1833 1360 1872 si
1404 1832 1537 1872 modo
1579 1846 1677 1873 eam

183 1908 410 1959 intellexit,
455 1909 573 1963 quod
614 1924 694 1964 pro
732 1915 852 1950 certo
885 1910 1019 1950 habet
1052 1909 1318 1963 Kreppelius
1336 1910 1393 1963 3):
1429 1909 1600 1959 „Wenn
1634 1910 1677 1950 in

235 2046 268 2088 1)
293 2043 350 2080 Cf.
375 2044 425 2079 1.1.
452 2055 526 2090 pag
551 2054 609 2089 23,
635 2044 699 2079 ubi
725 2045 818 2080 haec
851 2044 967 2078 habet
990 2044 1091 2080 v.d.:
1117 2044 1215 2078 »Der
1229 2043 1412 2078 Gedanke
1427 2043 1514 2079 dass
1527 2055 1566 2079 es
1579 2045 1676 2079 noch

183 2109 297 2138 etwas
334 2104 440 2148 gebe,
477 2104 546 2138 das
583 2104 677 2138 siber
714 2104 827 2138 allem
865 2103 1147 2138 Menschlichen
1187 2103 1303 2147 stehe,
1341 2104 1422 2138 halt
1456 2104 1517 2138 die
1543 2104 1678 2139 beiden

183 2163 322 2198 Stilcke
347 2164 413 2198 des
439 2164 642 2198 Gedichtes
667 2175 895 2199 zusammen.
921 2163 1006 2197 Wie
1032 2164 1130 2197 auch
1157 2163 1217 2197 die
1239 2168 1384 2207 grosste
1404 2164 1678 2207 Konigsmacht

183 2223 306 2257 nichts
330 2234 449 2267 gegen
472 2224 644 2269 Juppiter
665 2234 833 2267 vermag,
855 2234 896 2257 so
918 2223 1086 2267 befahigt
1102 2223 1199 2257 auch
1215 2222 1393 2256 keinerlei
1408 2223 1677 2257 Hervortreten

183 2282 277 2317 uber
313 2282 373 2317 die
409 2283 684 2317 Mitmenschen
722 2294 805 2317 zum
844 2282 1087 2317 Widerstand
1122 2292 1241 2326 gegen
1276 2281 1336 2316 die
1362 2282 1574 2316 Necessitas
1600 2283 1678 2317 und

183 2341 298 2376 deren
332 2342 589 2377 schlimmsten
623 2342 718 2384 Teil,
743 2341 816 2376 den
843 2342 938 2376 Tod.
965 2342 1038 2376 Um
1065 2353 1105 2375 so
1130 2341 1239 2375 mehr
1264 2352 1367 2375 muss
1393 2352 1432 2375 es
1457 2341 1677 2376 befremden

183 2402 288 2444 (sane
299 2402 322 2445 l)
346 2401 435 2436 dass
459 2402 503 2436 V.
534 2401 624 2446 3--8
649 2402 701 2435 im
728 2402 901 2436 weiteren
924 2401 1086 2435 Gedicht
1107 2412 1174 2445 gar
1195 2400 1300 2434 nicht
1313 2400 1421 2435 mehr
1436 2412 1498 2435 zur
1513 2401 1678 2446 Geltung

184 2461 383 2495 Kommen.
408 2460 490 2495 Auf
507 2461 690 2507 juppiter,
715 2460 775 2495 die
801 2462 922 2504 Reges
948 2460 1116 2504 timendi,
1142 2459 1202 2494 die
1224 2460 1412 2504 Giganten
1437 2461 1529 2495 wird
1551 2461 1588 2495 in
1610 2461 1678 2495 der

185 2519 266 2554 Ode
291 2525 417 2565 spater
442 2520 564 2554 weder
589 2520 707 2555 direct
732 2520 830 2554 noch
856 2520 1014 2554 indirect
1040 2520 1162 2564 Bezug
1183 2530 1419 2563 genommen.
1444 2520 1525 2554 Wir
1547 2521 1677 2555 stehen

184 2578 264 2613 also
290 2589 359 2613 vor
380 2579 448 2613 der
468 2580 656 2614 Tatsache
669 2579 757 2614 dass
771 2579 872 2613 diese
886 2579 1046 2624 Strophe
1060 2590 1154 2613 zwar
1168 2578 1205 2612 in
1219 2579 1425 2623 logischem
1439 2580 1678 2614 Zusammen-

184 2638 286 2682 hang
322 2639 389 2672 mit
415 2638 502 2673 dem
528 2638 728 2683 folgenden
754 2639 837 2672 Teil
861 2638 928 2673 des
953 2637 1157 2672 Gedichtes
1182 2637 1365 2682 gebracht
1389 2638 1448 2682 ist,
1473 2638 1561 2673 dass
1586 2639 1678 2674 aber

184 2697 245 2732 die
270 2709 385 2742 ganze
410 2698 492 2732 Ode
517 2698 616 2733 ohne
640 2698 742 2733 diese
763 2698 880 2732 Verse
902 2697 1013 2740 auch,
1022 2696 1063 2742 ja
1079 2697 1267 2732 vielleicht
1280 2697 1407 2732 besser
1421 2697 1531 2742 fertig
1543 2700 1677 2733 ware?

233 2775 269 2818 2)
294 2773 351 2809 Cf.
378 2773 484 2809 Iliad.
512 2775 540 2816 1,
567 2775 645 2820 587.

233 2847 270 2890 3)
294 2845 350 2880 Cf.
377 2846 428 2881 1.1.
452 2857 538 2892 pag.
565 2855 621 2889 27.
