1955 3157
958 263 1035 303 168

252 396 584 450 ingeniosissimi
602 394 904 435 consideratio.
921 393 1066 433 Facile
1085 392 1230 446 spuria
1247 392 1426 432 habebit
1441 404 1740 445 quaecumque

252 476 333 528 ipsi
375 488 462 515 non
504 473 690 527 placent.
735 471 978 513 Praestabit
1013 471 1106 511 sine
1138 470 1272 510 dubio
1304 482 1403 510 cum
1437 468 1614 509 Nabero
1645 474 1742 509 tuto

251 553 489 594 affirmare:
535 552 638 600 „vix
680 550 921 604 quidquam
954 547 1202 601 interpolati
1237 548 1280 587 in
1312 547 1486 588 Horatii
1522 546 1744 587 codicibus

252 642 478 683 superesse
505 635 549 669 et
576 633 747 669 textum
774 626 878 666 satis
905 626 1123 678 integrum
1151 625 1206 664 ad
1224 629 1372 664 nostra
1390 629 1591 677 tempora
1607 636 1744 676 usque

252 721 346 747 esse
379 704 714 759 propagatum’'.
751 703 946 757 „Neque‚
983 716 1187 756 unquam,
1219 701 1371 755 inquit,
1400 700 1454 740 de
1472 699 1744 753 interpolatis

251 784 447 824 versibus
479 783 714 835 cogitasset
747 780 1086 833 Peerlkampius,
1117 779 1195 819 nisi
1223 792 1479 832 persuasum
1506 778 1743 827 habuisset,

251 860 371 914 quod
416 859 618 913 perhibet
665 859 721 899 ad
768 858 839 898 od.
889 858 919 898 I.
970 858 1043 898 16:
1089 856 1336 911 „Equidem
1381 855 1614 896 Horatium
1657 868 1745 896 non

252 951 443 991 agnosco
485 937 564 977 nisi
608 937 649 976 in
691 935 772 975 illis
816 935 974 988 ingenii
1019 934 1325 987 monumentis,
1373 946 1486 987 quae
1518 938 1609 973 tam
1642 936 1746 985 apta

253 1022 295 1056 et
338 1014 525 1055 rotunda
566 1019 678 1062 sunt,
723 1019 770 1053 ut
813 1012 918 1052 nihil
951 1012 1127 1052 demere
1160 1011 1311 1065 possis,
1345 1010 1450 1064 quin
1483 1009 1744 1063 elegantiam

252 1091 468 1132 minuas’'.

312 1168 483 1209 Deinde
540 1166 826 1208 memoranda
887 1172 1001 1218 sunt,
1048 1179 1161 1220 quae
1209 1164 1357 1205 docuit
1404 1163 1744 1216 Rosenbergius.

254 1245 428 1286 Etenim
456 1259 554 1286 cum
583 1258 742 1298 magna
769 1243 1059 1284 admiratione
1086 1242 1269 1295 legimus
1288 1240 1343 1295 1>;
1373 1240 1480 1290 „das
1502 1239 1746 1293 wichtigste

253 1323 321 1376 ist,
356 1323 456 1363 dass
489 1323 589 1362 dem
607 1321 835 1362 Verfasser
863 1319 1156 1374 (Rosenberg)
1183 1319 1259 1359 der
1288 1318 1453 1358 Beweis
1481 1318 1598 1358 eines
1627 1317 1747 1358 nicht

252 1399 626 1440 vorhandenseins
667 1412 753 1439 von
795 1399 912 1438 einer
945 1396 1149 1449 naheren,
1183 1394 1486 1449 urspriinglich
1520 1394 1747 1435 beabsich-

252 1477 405 1530 tigten‚
447 1489 533 1516 von
575 1476 693 1516 einer
735 1476 931 1528 einzigen
975 1474 1076 1514 Idee
1109 1472 1423 1513 beherrschten
1456 1471 1747 1524 Verbindung

253 1554 330 1593 der
376 1553 500 1593 sechs
533 1552 796 1594 Staatsoden
828 1550 1093 1604 vollstandig
1120 1549 1336 1603 gelungen
1365 1548 1460 1590 ist.''
1493 1573 1546 1577 ——
1582 1549 1746 1589 Verum

253 1631 430 1685 quidem
479 1637 557 1678 est,
605 1629 861 1683 scriptorem
910 1628 1028 1668 illum
1060 1628 1189 1668 laude
1221 1627 1536 1680 dignissimum,
1573 1650 1625 1654 -—
1659 1638 1747 1680 qua

253 1721 307 1748 ne
349 1715 518 1749 careret
559 1708 672 1748 cavit
716 1706 1092 1747 Loeschhornius!
1127 1729 1184 1735 —
1217 1705 1516 1746 demonstrare
1549 1704 1620 1745 illa
1652 1717 1747 1744 esse

253 1792 473 1826 conatum.
517 1784 626 1825 Mire
666 1791 828 1834 tamen,
874 1797 943 1824 me
975 1784 1129 1824 iudice.
1163 1783 1278 1823 Nam
1310 1783 1371 1824 ita
1403 1787 1745 1836 argumentatur.

313 1863 488 1904 Initium
535 1862 639 1903 facit
681 1876 706 1902 a
748 1861 888 1914 prima
929 1861 1111 1914 stropha
1153 1860 1281 1914 primi
1313 1861 1528 1909 carminis,
1563 1872 1748 1912 eamque

255 1954 348 1980 esse
391 1940 662 1994 prooemium
700 1938 890 1979 affirmat
922 1952 1008 1978 non
1041 1945 1187 1979 autem
1220 1938 1387 1991 primae
1418 1936 1529 1977 odae
1561 1942 1745 1978 tantum.

256 2017 375 2070 Ergo
418 2018 500 2058 ait:
537 2016 622 2066 „So
661 2018 716 2057 ist
748 2030 794 2056 es
826 2015 1079 2069 begreiflich
1113 2016 1213 2056 dass
1246 2028 1347 2055 man
1382 2015 1446 2054 bis
1479 2029 1528 2054 zu
1563 2012 1659 2054 Ode
1683 2012 1747 2053 VI

254 2096 371 2148 ging,
416 2095 494 2134 der
535 2093 693 2134 letzten
737 2094 779 2133 in
811 2093 1054 2134 alka'i'scher
1087 2092 1282 2146 Sprache
1315 2092 1656 2145 geschriebenen
1688 2090 1746 2130 im

255 2179 399 2213 ersten
447 2171 543 2211 Teil
575 2172 652 2211 des
685 2171 900 2211 Buches.”
934 2169 1064 2223 Quod
1097 2177 1244 2211 tamen
1276 2170 1508 2210 admittere
1540 2181 1668 2222 posse
1701 2180 1747 2207 se

255 2255 399 2302 negat.
443 2247 591 2301 Quare
633 2249 825 2302 quaeso?
868 2248 1104 2301 Praecipua
1137 2261 1188 2288 ea
1219 2260 1351 2288 causa
1381 2245 1552 2287 videtur
1583 2245 1620 2285 ei
1653 2257 1748 2284 esse

256 2326 458 2378 negandi,
488 2325 605 2378 quod
628 2339 804 2366 carmen
821 2331 995 2366 sextum
1014 2326 1109 2378 ipso
1126 2325 1267 2365 iudice
1284 2325 1426 2364 minus
1443 2330 1509 2364 est
1527 2322 1744 2371 idoneum,

257 2404 440 2444 etenim:
491 2427 543 2431 —-
593 2410 726 2457 atque
766 2403 875 2444 haec
918 2403 952 2443 si
986 2403 1146 2443 insulsa
1186 2415 1400 2443 vocavero
1434 2401 1610 2454 ignosce
1641 2398 1746 2439 mihi

256 2480 393 2521 lector
424 2505 480 2510 —-
516 2480 622 2529 „soll
655 2480 725 2520 die
756 2480 881 2532 virgo
913 2479 1004 2519 sich
1036 2480 1106 2519 die
1134 2485 1304 2520 matura
1331 2479 1456 2531 virgo
1483 2491 1524 2518 v.
1554 2487 1606 2517 22
1635 2482 1748 2516 etwa

256 2571 354 2597 zum
387 2557 554 2597 Muster
582 2556 795 2597 nehmen?
824 2556 1048 2596 Wahrlich
1067 2556 1214 2596 Horaz
1231 2562 1397 2596 muszte
1414 2555 1484 2594 ein
1503 2552 1747 2594 schlechter

860 2632 881 2649 ’³

258 2633 466 2673 Erzieher
507 2646 706 2686 gewesen
748 2634 852 2673 sein.
927 2633 1049 2673 Haec
1091 2633 1194 2674 data
1236 2645 1370 2685 opera
1403 2631 1627 2671 confutare
1660 2642 1747 2669 non

257 2717 323 2751 est
355 2723 514 2763 operae
547 2711 749 2763 pretium.

310 2876 341 2915 1)
367 2873 664 2907 Loeschhornius
690 2873 739 2907 l.l.
