1955 3157
998 231 1048 274 75

271 353 480 406 migraret
506 353 652 408 ibique
680 353 815 395 totius
838 353 1006 407 imperii
1025 352 1175 394 sedem
1193 352 1440 394 collocaret.
1459 353 1524 394 At
1541 353 1768 407 impedivit

269 430 376 472 talia
408 430 690 473 Octavianus.

331 507 521 548 Primam
564 508 767 549 carminis
809 514 980 562 partem
1013 507 1074 548 sic
1107 507 1238 548 vertit
1270 506 1360 547 fere
1392 507 1692 549 Mommsenus
1711 508 1767 561 1);

273 584 392 634 „Das
425 584 624 626 wendete
657 586 714 626 ab
740 599 827 626 von
855 586 971 626 Rom
999 585 1075 625 der
1101 583 1309 638 gerechte
1337 584 1425 625 und
1444 585 1768 626 entschlossene

270 661 404 701 Mann
447 661 634 703 welcher
676 662 755 703 mit
797 661 952 703 festem
994 661 1114 714 Sinn‚
1158 661 1355 702 unbeirrt
1386 661 1524 702 durch
1557 662 1626 702 die
1658 662 1767 702 Ver-

270 738 494 780 kehrtheit
548 739 863 792 irregeleiteter
917 739 1096 793 Burger,
1144 738 1466 792 ungeschreckt
1513 738 1651 780 durch
1699 738 1769 778 die

270 815 423 857 Macht
464 816 543 856 des
584 815 836 869 Tymnnen,
882 816 988 856 u'ber
1031 814 1100 855 die
1142 815 1432 856 sturmischen
1477 815 1649 869 Wogen
1692 815 1770 856 des

270 893 564 935 adriatischen
608 893 780 933 Meeres
820 893 911 945 hin,
954 892 1024 933 die
1067 893 1233 933 Romer
1265 892 1376 933 nach
1410 892 1591 934 Actium
1625 893 1770 935 ffihrte

270 971 359 1012 und
390 984 437 1011 es
469 970 630 1011 darauf
657 976 812 1024 wagte,
846 971 947 1011 dass
979 970 1057 1010 der
1089 970 1299 1011 Erdkreis
1327 970 1433 1011 uber
1459 970 1550 1011 ihm
1578 971 1666 1012 und
1684 971 1770 1011 den

270 1049 418 1089 seinen
450 1047 906 1089 zusammenbreche.''

330 1125 533 1167 Alteram
565 1139 670 1166 vero
703 1131 874 1178 partem
892 1128 922 1176 2)
949 1125 1032 1166 hoc
1059 1125 1158 1166 loco
1184 1125 1364 1165 omnino
1386 1123 1594 1178 neglexit.
1614 1124 1770 1178 Neque

270 1202 503 1243 commode
532 1216 632 1243 eum
659 1200 792 1244 credo
818 1204 1011 1257 potuisse
1039 1203 1262 1257 explicare
1288 1215 1386 1243 eam
1412 1202 1567 1242 eadem
1587 1201 1767 1243 ratione.

272 1279 447 1320 Etenim
479 1280 806 1320 enumeratione
838 1279 910 1320 illa
937 1280 1263 1322 notissimorum
1290 1280 1503 1330 Heroum,
1531 1279 1643 1320 inter
1659 1292 1770 1333 quos

270 1356 520 1397 nominatur
562 1355 804 1410 Augustus,
839 1371 926 1397 non
958 1363 1005 1399 ut
1038 1357 1231 1412 aequalis
1263 1356 1454 1411 quidem,
1490 1356 1567 1397 sed
1598 1362 1770 1398 tantum

270 1440 318 1475 ut
350 1439 503 1487 postea
534 1434 727 1488 aequalis
760 1435 943 1484 futurus,
978 1449 1048 1476 me
1080 1436 1222 1476 iudice
1250 1435 1443 1476 ostendit
1470 1441 1601 1488 poeta
1619 1447 1665 1474 se
1682 1447 1769 1474 non

270 1524 402 1563 agere
434 1510 488 1551 de
520 1510 613 1551 solo
647 1511 859 1566 Principe.
895 1512 995 1553 Non
1028 1526 1140 1566 nego
1169 1519 1348 1567 poetam
1375 1511 1653 1565 singulariter
1677 1510 1769 1552 lau-

271 1588 398 1629 dasse
444 1602 620 1643 quoque
668 1589 935 1644 Augustum,
979 1590 1056 1630 sed
1098 1589 1278 1643 singulis
1319 1603 1420 1630 eum
1461 1589 1604 1629 verbis
1645 1589 1770 1644 quasi

271 1665 509 1719 depingere
551 1666 739 1707 voluisse
784 1667 961 1708 minime
1003 1667 1211 1708 concedo.
1246 1667 1404 1708 Denuo
1437 1666 1550 1707 enim
1583 1667 1618 1707 si
1651 1666 1770 1708 nullo

271 1743 538 1797 praeiudicio
581 1744 698 1798 ipsos
739 1758 890 1785 versus
924 1751 1185 1798 spectamus,
1219 1744 1367 1785 statim
1399 1750 1583 1798 apparet
1615 1743 1769 1785 saltem

271 1820 417 1875 aliqua
478 1835 756 1876 nequaquam
819 1822 1081 1863 Mommseni
1145 1821 1501 1875 interpretatione
1558 1821 1769 1874 explicari

272 1911 413 1952 posse.
457 1898 687 1941 Praeteriit
728 1899 900 1940 silentio
942 1901 1035 1953 ipse
1077 1900 1144 1940 vir
1180 1899 1457 1940 doctissimus
1490 1912 1598 1948 „nec
1629 1899 1770 1940 fulmi-

273 1976 416 2017 nantis
458 1990 618 2030 magna
660 1990 814 2018 manus
852 1977 994 2017 Iovis''
1029 1977 1148 2031 quod
1181 1977 1330 2031 utique
1364 1976 1397 2016 si
1431 1989 1530 2017 cum
1563 1989 1616 2017 eo
1648 1976 1769 2027 facis,

272 2054 430 2094 mirum
463 2053 589 2095 valde
620 2054 758 2095 videri
786 2054 864 2096 tibi
893 2055 1036 2096 debet.
1067 2054 1184 2095 Nam
1206 2053 1448 2107 Augustus,
1467 2054 1532 2094 vir
1549 2053 1769 2107 religionis

272 2144 413 2185 neque
470 2133 789 2185 superstitionis
844 2145 931 2172 non
978 2131 1131 2185 plenus
1148 2131 1193 2184 3),
1243 2131 1390 2184 magni
1438 2131 1554 2171 Iovis
1601 2130 1769 2172 fulmini

272 2208 458 2262 superbe
490 2209 691 2250 resistere
724 2209 875 2263 procul
907 2208 1040 2250 dubio
1072 2207 1233 2249 noluit!

332 2286 456 2326 Haec
488 2286 637 2341 itaque
669 2287 816 2327 omisit
847 2287 1171 2327 Mommsenus:
1206 2285 1290 2326 alia
1316 2299 1420 2326 vero
1449 2286 1523 2326 vix
1553 2285 1769 2339 plausibili

273 2364 645 2405 commentatione
678 2364 897 2406 instruxit.
935 2362 1126 2412 „Voltu”
1160 2363 1276 2403 enirn
1306 2363 1536 2412 „instantis
1562 2362 1767 2416 tyranni”

272 2441 370 2495 quis
403 2441 483 2482 nisi
511 2441 662 2494 putide
689 2447 732 2482 et
760 2440 942 2482 moleste
969 2439 1215 2481 Antonium
1243 2447 1368 2494 putet
1384 2440 1646 2494 significari?
1665 2440 1769 2481 Ideo

325 2619 357 2662 1)
383 2618 434 2653 1.l.
458 2628 544 2664 pag.
571 2627 626 2660 27.

323 2702 358 2745 2)
383 2712 417 2735 a.
441 2713 475 2736 v.
501 2701 629 2743 9—16.

324 2780 360 2822 3)
386 2778 442 2813 Cf.
479 2778 745 2813 Gardthausen
782 2779 998 2822 »Augustus
1030 2778 1107 2812 und
1141 2778 1242 2813 seine
1275 2778 1375 2813 Zeit’'
1403 2779 1417 2813 I
1444 2787 1514 2823 459
1540 2789 1595 2823 sq.
1621 2785 1658 2812 et
1682 2778 1768 2813 vide

276 2837 497 2872 Suetonium
527 2838 604 2872 vita
630 2837 665 2872 d.
694 2839 790 2882 Aug.
816 2849 847 2872 c.
873 2848 920 2882 90
944 2848 1025 2883 sqq.
