<?xml version="1.0" encoding="UTF-8"?>
<!DOCTYPE html PUBLIC "-//W3C//DTD XHTML 1.0 Transitional//EN"
    "http://www.w3.org/TR/xhtml1/DTD/xhtml1-transitional.dtd">
<html xmlns="http://www.w3.org/1999/xhtml" xml:lang="en" lang="en">
 <head>
  <title>
</title>
<meta http-equiv="Content-Type" content="text/html;charset=utf-8" />
  <meta name='ocr-system' content='tesseract 3.04.00' />
  <meta name='ocr-capabilities' content='ocr_page ocr_carea ocr_par ocr_line ocrx_word'/>
</head>
<body>
  <div class='ocr_page' id='page_1' title='image "./disputatiocritic00slijuoft_0179.png"; bbox 0 0 1955 3157; ppageno 0'>
   <div class='ocr_carea' id='block_1_1' title="bbox 886 254 963 305">
    <p class='ocr_par' dir='ltr' id='par_1_1' title="bbox 886 254 963 305">
     <span class='ocr_line' id='line_1_1' title="bbox 886 254 963 305; baseline 0 -11"><span class='ocrx_word' id='word_1_1' title='bbox 886 254 963 305; x_wconf 90' lang='lat'>167</span> 
     </span>
    </p>
   </div>
   <div class='ocr_carea' id='block_1_2' title="bbox 174 382 1672 2594">
    <p class='ocr_par' dir='ltr' id='par_1_2' title="bbox 174 382 1668 897">
     <span class='ocr_line' id='line_1_2' title="bbox 174 382 1666 437; baseline -0.001 -13"><span class='ocrx_word' id='word_1_2' title='bbox 174 384 286 424; x_wconf 87' lang='lat' dir='ltr'>adeo</span> <span class='ocrx_word' id='word_1_3' title='bbox 335 384 581 425; x_wconf 91' lang='lat' dir='ltr'>modestum</span> <span class='ocrx_word' id='word_1_4' title='bbox 624 383 755 424; x_wconf 88' lang='lat' dir='ltr'>fuisse</span> <span class='ocrx_word' id='word_1_5' title='bbox 798 382 1056 423; x_wconf 86' lang='lat' dir='ltr'><strong>crediderim</strong></span> <span class='ocrx_word' id='word_1_6' title='bbox 1100 383 1366 437; x_wconf 84' lang='lat' dir='ltr'>Augustum.</span> <span class='ocrx_word' id='word_1_7' title='bbox 1402 384 1541 423; x_wconf 91' lang='lat' dir='ltr'>Immo</span> <span class='ocrx_word' id='word_1_8' title='bbox 1575 384 1666 437; x_wconf 87' lang='lat' dir='ltr'>ipse</span> 
     </span>
     <span class='ocr_line' id='line_1_3' title="bbox 175 459 1667 514; baseline 0.001 -14"><span class='ocrx_word' id='word_1_9' title='bbox 175 459 375 501; x_wconf 86' lang='lat' dir='ltr'><strong>hortatus</strong></span> <span class='ocrx_word' id='word_1_10' title='bbox 433 467 499 501; x_wconf 91' lang='lat' dir='ltr'>est</span> <span class='ocrx_word' id='word_1_11' title='bbox 546 460 779 500; x_wconf 83' lang='lat' dir='ltr'>Horatium</span> <span class='ocrx_word' id='word_1_12' title='bbox 837 459 996 500; x_wconf 85' lang='lat' dir='ltr'><strong>diserte</strong></span> <span class='ocrx_word' id='word_1_13' title='bbox 1053 459 1141 500; x_wconf 88' lang='lat' dir='ltr'>fere</span> <span class='ocrx_word' id='word_1_14' title='bbox 1198 466 1248 501; x_wconf 93' lang='lat' dir='ltr'>ut</span> <span class='ocrx_word' id='word_1_15' title='bbox 1294 460 1428 513; x_wconf 91' lang='lat' dir='ltr'>ipsius</span> <span class='ocrx_word' id='word_1_16' title='bbox 1477 474 1667 514; x_wconf 84' lang='lat' dir='ltr'>suaeque</span> 
     </span>
     <span class='ocr_line' id='line_1_4' title="bbox 174 536 1667 590; baseline 0 -13"><span class='ocrx_word' id='word_1_17' title='bbox 174 536 340 590; x_wconf 83' lang='lat' dir='ltr'>gloriae</span> <span class='ocrx_word' id='word_1_18' title='bbox 381 537 532 578; x_wconf 88' lang='lat' dir='ltr'>melius</span> <span class='ocrx_word' id='word_1_19' title='bbox 575 536 832 578; x_wconf 84' lang='lat' dir='ltr'><strong>consuleret.</strong></span> <span class='ocrx_word' id='word_1_20' title='bbox 870 537 1029 586; x_wconf 89' lang='lat' dir='ltr'>„Irasci</span> <span class='ocrx_word' id='word_1_21' title='bbox 1062 550 1131 577; x_wconf 92' lang='lat' dir='ltr'>me</span> <span class='ocrx_word' id='word_1_22' title='bbox 1163 537 1241 578; x_wconf 93' lang='lat' dir='ltr'>tibi</span> <span class='ocrx_word' id='word_1_23' title='bbox 1273 538 1396 586; x_wconf 87' lang='lat' dir='ltr'>scito,</span> <span class='ocrx_word' id='word_1_24' title='bbox 1430 537 1547 590; x_wconf 91' lang='lat' dir='ltr'>quod</span> <span class='ocrx_word' id='word_1_25' title='bbox 1580 551 1667 577; x_wconf 88' lang='lat' dir='ltr'>non</span> 
     </span>
     <span class='ocr_line' id='line_1_5' title="bbox 175 613 1665 668; baseline 0.001 -15"><span class='ocrx_word' id='word_1_26' title='bbox 175 614 216 653; x_wconf 93' lang='lat' dir='ltr'>in</span> <span class='ocrx_word' id='word_1_27' title='bbox 249 613 465 668; x_wconf 90' lang='lat' dir='ltr'>plerisque</span> <span class='ocrx_word' id='word_1_28' title='bbox 498 614 710 654; x_wconf 89' lang='lat' dir='ltr'>eiusmodi</span> <span class='ocrx_word' id='word_1_29' title='bbox 742 613 915 666; x_wconf 90' lang='lat' dir='ltr'>scriptis</span> <span class='ocrx_word' id='word_1_30' title='bbox 949 627 1119 654; x_wconf 87' lang='lat' dir='ltr'>mecum</span> <span class='ocrx_word' id='word_1_31' title='bbox 1153 614 1427 667; x_wconf 85' lang='lat' dir='ltr'>potissimum</span> <span class='ocrx_word' id='word_1_32' title='bbox 1459 613 1665 668; x_wconf 80' lang='lat' dir='ltr'>loquaris,</span> 
     </span>
     <span class='ocr_line' id='line_1_6' title="bbox 175 690 1668 744; baseline 0.001 -14"><span class='ocrx_word' id='word_1_33' title='bbox 175 690 249 730; x_wconf 84' lang='lat' dir='ltr'>An</span> <span class='ocrx_word' id='word_1_34' title='bbox 283 691 444 731; x_wconf 90' lang='lat' dir='ltr'>vereris</span> <span class='ocrx_word' id='word_1_35' title='bbox 476 704 530 730; x_wconf 93' lang='lat' dir='ltr'>ne</span> <span class='ocrx_word' id='word_1_36' title='bbox 561 691 678 743; x_wconf 89' lang='lat' dir='ltr'>apud</span> <span class='ocrx_word' id='word_1_37' title='bbox 711 697 909 744; x_wconf 86' lang='lat' dir='ltr'>posteros</span> <span class='ocrx_word' id='word_1_38' title='bbox 941 690 1019 731; x_wconf 92' lang='lat' dir='ltr'>tibi</span> <span class='ocrx_word' id='word_1_39' title='bbox 1053 690 1212 730; x_wconf 80' lang='lat' dir='ltr'>infame</span> <span class='ocrx_word' id='word_1_40' title='bbox 1240 691 1306 737; x_wconf 89' lang='lat' dir='ltr'>sit,</span> <span class='ocrx_word' id='word_1_41' title='bbox 1334 691 1452 744; x_wconf 91' lang='lat' dir='ltr'>quod</span> <span class='ocrx_word' id='word_1_42' title='bbox 1481 692 1668 731; x_wconf 90' lang='lat' dir='ltr'>videaris</span> 
     </span>
     <span class='ocr_line' id='line_1_7' title="bbox 175 766 1667 821; baseline 0.001 -14"><span class='ocrx_word' id='word_1_43' title='bbox 175 766 399 808; x_wconf 83' lang='lat' dir='ltr'>familiaris</span> <span class='ocrx_word' id='word_1_44' title='bbox 441 767 566 807; x_wconf 90' lang='lat' dir='ltr'>nobis</span> <span class='ocrx_word' id='word_1_45' title='bbox 609 767 811 820; x_wconf 84' lang='lat' dir='ltr'>esse&#39;’1)?</span> <span class='ocrx_word' id='word_1_46' title='bbox 855 791 908 796; x_wconf 88' lang='lat'>——</span> <span class='ocrx_word' id='word_1_47' title='bbox 943 767 1109 807; x_wconf 91' lang='lat' dir='ltr'>Verum</span> <span class='ocrx_word' id='word_1_48' title='bbox 1152 780 1205 807; x_wconf 91' lang='lat' dir='ltr'>ne</span> <span class='ocrx_word' id='word_1_49' title='bbox 1252 768 1369 821; x_wconf 85' lang='lat' dir='ltr'>longi</span> <span class='ocrx_word' id='word_1_50' title='bbox 1402 768 1536 808; x_wconf 88' lang='lat' dir='ltr'>simus</span> <span class='ocrx_word' id='word_1_51' title='bbox 1569 767 1667 808; x_wconf 90' lang='lat' dir='ltr'>huic</span> 
     </span>
     <span class='ocr_line' id='line_1_8' title="bbox 176 843 929 897; baseline 0 -13"><span class='ocrx_word' id='word_1_52' title='bbox 176 844 236 884; x_wconf 89' lang='lat' dir='ltr'>rei</span> <span class='ocrx_word' id='word_1_53' title='bbox 278 843 409 884; x_wconf 91' lang='lat' dir='ltr'>finem</span> <span class='ocrx_word' id='word_1_54' title='bbox 441 844 620 885; x_wconf 86' lang='lat' dir='ltr'>tandem</span> <span class='ocrx_word' id='word_1_55' title='bbox 654 844 929 897; x_wconf 71' lang='lat' dir='ltr'>imponimus</span> 
     </span>
    </p>

    <p class='ocr_par' dir='ltr' id='par_1_3' title="bbox 175 919 1672 2438">
     <span class='ocr_line' id='line_1_9' title="bbox 234 919 1667 974; baseline 0.001 -14"><span class='ocrx_word' id='word_1_56' title='bbox 234 919 359 973; x_wconf 80' lang='lat' dir='ltr'>Quae</span> <span class='ocrx_word' id='word_1_57' title='bbox 376 921 431 961; x_wconf 88' lang='lat' dir='ltr'>sit</span> <span class='ocrx_word' id='word_1_58' title='bbox 448 920 663 961; x_wconf 89' lang='lat' dir='ltr'>sententia</span> <span class='ocrx_word' id='word_1_59' title='bbox 680 920 861 973; x_wconf 85' lang='lat' dir='ltr'>Seligeri</span> <span class='ocrx_word' id='word_1_60' title='bbox 880 934 1011 974; x_wconf 87' lang='lat' dir='ltr'>supra</span> <span class='ocrx_word' id='word_1_61' title='bbox 1028 920 1326 961; x_wconf 87' lang='lat' dir='ltr'>indicavimus.</span> <span class='ocrx_word' id='word_1_62' title='bbox 1347 921 1445 974; x_wconf 87' lang='lat' dir='ltr'>Ipse</span> <span class='ocrx_word' id='word_1_63' title='bbox 1463 935 1542 961; x_wconf 84' lang='lat' dir='ltr'>sex</span> <span class='ocrx_word' id='word_1_64' title='bbox 1561 923 1667 961; x_wconf 85' lang='lat' dir='ltr'>odas</span> 
     </span>
     <span class='ocr_line' id='line_1_10' title="bbox 175 996 1666 1051; baseline 0.003 -15"><span class='ocrx_word' id='word_1_65' title='bbox 175 996 348 1050; x_wconf 90' lang='lat' dir='ltr'>cyclum</span> <span class='ocrx_word' id='word_1_66' title='bbox 366 997 542 1051; x_wconf 90' lang='lat' dir='ltr'>quidem</span> <span class='ocrx_word' id='word_1_67' title='bbox 561 997 741 1045; x_wconf 87' lang='lat' dir='ltr'>efficere,</span> <span class='ocrx_word' id='word_1_68' title='bbox 759 1011 911 1037; x_wconf 92' lang='lat' dir='ltr'>verum</span> <span class='ocrx_word' id='word_1_69' title='bbox 931 1011 1013 1038; x_wconf 82' lang='lat' dir='ltr'>non</span> <span class='ocrx_word' id='word_1_70' title='bbox 1027 1004 1135 1037; x_wconf 77' lang='lat' dir='ltr'>recte</span> <span class='ocrx_word' id='word_1_71' title='bbox 1146 997 1378 1050; x_wconf 77' lang='lat' dir='ltr'>dispositas</span> <span class='ocrx_word' id='word_1_72' title='bbox 1395 1012 1489 1038; x_wconf 90' lang='lat' dir='ltr'>esse</span> <span class='ocrx_word' id='word_1_73' title='bbox 1506 1006 1666 1040; x_wconf 90' lang='lat' dir='ltr'>censet.</span> 
     </span>
     <span class='ocr_line' id='line_1_11' title="bbox 176 1073 1669 1128; baseline 0.001 -14"><span class='ocrx_word' id='word_1_74' title='bbox 176 1073 467 1128; x_wconf 87' lang='lat' dir='ltr'>Nequaquam</span> <span class='ocrx_word' id='word_1_75' title='bbox 504 1081 663 1123; x_wconf 88' lang='lat' dir='ltr'>autem,</span> <span class='ocrx_word' id='word_1_76' title='bbox 698 1081 746 1115; x_wconf 91' lang='lat' dir='ltr'>ut</span> <span class='ocrx_word' id='word_1_77' title='bbox 778 1074 883 1114; x_wconf 88' lang='lat' dir='ltr'>mihi</span> <span class='ocrx_word' id='word_1_78' title='bbox 916 1074 1100 1127; x_wconf 87' lang='lat' dir='ltr'>videtur,</span> <span class='ocrx_word' id='word_1_79' title='bbox 1134 1076 1402 1127; x_wconf 87' lang='lat' dir='ltr'>argumentis</span> <span class='ocrx_word' id='word_1_80' title='bbox 1436 1076 1570 1116; x_wconf 90' lang='lat' dir='ltr'>utitur</span> <span class='ocrx_word' id='word_1_81' title='bbox 1601 1083 1669 1116; x_wconf 87' lang='lat' dir='ltr'>sat</span> 
     </span>
     <span class='ocr_line' id='line_1_12' title="bbox 175 1149 1668 1206; baseline 0.003 -16"><span class='ocrx_word' id='word_1_82' title='bbox 175 1149 310 1190; x_wconf 90' lang='lat' dir='ltr'>firmis</span> <span class='ocrx_word' id='word_1_83' title='bbox 343 1157 390 1191; x_wconf 86' lang='lat' dir='ltr'>ut</span> <span class='ocrx_word' id='word_1_84' title='bbox 423 1151 706 1191; x_wconf 88' lang='lat' dir='ltr'>admittamus</span> <span class='ocrx_word' id='word_1_85' title='bbox 738 1150 901 1205; x_wconf 88' lang='lat' dir='ltr'>aliquid</span> <span class='ocrx_word' id='word_1_86' title='bbox 935 1151 1052 1204; x_wconf 93' lang='lat' dir='ltr'>quod</span> <span class='ocrx_word' id='word_1_87' title='bbox 1082 1165 1107 1191; x_wconf 88' lang='lat' dir='ltr'>a</span> <span class='ocrx_word' id='word_1_88' title='bbox 1135 1151 1253 1192; x_wconf 92' lang='lat' dir='ltr'>nullo</span> <span class='ocrx_word' id='word_1_89' title='bbox 1276 1152 1427 1192; x_wconf 88' lang='lat' dir='ltr'>codice</span> <span class='ocrx_word' id='word_1_90' title='bbox 1446 1153 1668 1206; x_wconf 87' lang='lat' dir='ltr'>probetur.</span> 
     </span>
     <span class='ocr_line' id='line_1_13' title="bbox 177 1227 1667 1284; baseline 0.002 -17"><span class='ocrx_word' id='word_1_91' title='bbox 177 1228 318 1267; x_wconf 91' lang='lat' dir='ltr'>Immo</span> <span class='ocrx_word' id='word_1_92' title='bbox 359 1234 545 1269; x_wconf 88' lang='lat' dir='ltr'>testatur</span> <span class='ocrx_word' id='word_1_93' title='bbox 589 1227 805 1282; x_wconf 86' lang='lat' dir='ltr'>Cruquius</span> <span class='ocrx_word' id='word_1_94' title='bbox 823 1230 855 1280; x_wconf 71' lang='grc'>2&gt;</span> <span class='ocrx_word' id='word_1_95' title='bbox 896 1227 1027 1268; x_wconf 92' lang='lat' dir='ltr'>odam</span> <span class='ocrx_word' id='word_1_96' title='bbox 1071 1229 1244 1269; x_wconf 85' lang='lat' dir='ltr'>tertiam</span> <span class='ocrx_word' id='word_1_97' title='bbox 1287 1230 1329 1269; x_wconf 91' lang='lat' dir='ltr'>in</span> <span class='ocrx_word' id='word_1_98' title='bbox 1363 1230 1667 1284; x_wconf 86' lang='lat' dir='ltr'>antiquissimo</span> 
     </span>
     <span class='ocr_line' id='line_1_14' title="bbox 178 1304 1668 1360; baseline 0.002 -16"><span class='ocrx_word' id='word_1_99' title='bbox 178 1304 408 1344; x_wconf 90' lang='lat' dir='ltr'>Blandinio</span> <span class='ocrx_word' id='word_1_100' title='bbox 440 1305 588 1346; x_wconf 85' lang='lat' dir='ltr'>statim</span> <span class='ocrx_word' id='word_1_101' title='bbox 620 1305 801 1345; x_wconf 90' lang='lat' dir='ltr'>alteram</span> <span class='ocrx_word' id='word_1_102' title='bbox 835 1305 1073 1358; x_wconf 81' lang='lat' dir='ltr'>excepisse.</span> <span class='ocrx_word' id='word_1_103' title='bbox 1103 1305 1335 1346; x_wconf 86' lang='lat' dir='ltr'>Praeterea</span> <span class='ocrx_word' id='word_1_104' title='bbox 1353 1306 1668 1360; x_wconf 88' lang='lat' dir='ltr'>Porphyrionis</span> 
     </span>
     <span class='ocr_line' id='line_1_15' title="bbox 176 1381 1670 1437; baseline 0.003 -17"><span class='ocrx_word' id='word_1_105' title='bbox 176 1381 263 1420; x_wconf 88' lang='lat' dir='ltr'>iam</span> <span class='ocrx_word' id='word_1_106' title='bbox 307 1387 452 1421; x_wconf 87' lang='lat' dir='ltr'>aetate</span> <span class='ocrx_word' id='word_1_107' title='bbox 484 1382 593 1421; x_wconf 90' lang='lat' dir='ltr'>ordo</span> <span class='ocrx_word' id='word_1_108' title='bbox 625 1395 755 1435; x_wconf 89' lang='lat' dir='ltr'>quem</span> <span class='ocrx_word' id='word_1_109' title='bbox 790 1382 988 1422; x_wconf 89' lang='lat' dir='ltr'>novimus</span> <span class='ocrx_word' id='word_1_110' title='bbox 1021 1382 1289 1423; x_wconf 90' lang='lat' dir='ltr'>servabatur.</span> <span class='ocrx_word' id='word_1_111' title='bbox 1324 1383 1372 1423; x_wconf 89' lang='lat' dir='ltr'>In</span> <span class='ocrx_word' id='word_1_112' title='bbox 1404 1383 1487 1424; x_wconf 90' lang='lat' dir='ltr'>hac</span> <span class='ocrx_word' id='word_1_113' title='bbox 1520 1385 1670 1437; x_wconf 91' lang='lat' dir='ltr'>utique</span> 
     </span>
     <span class='ocr_line' id='line_1_16' title="bbox 177 1458 1670 1515; baseline 0.003 -18"><span class='ocrx_word' id='word_1_114' title='bbox 177 1471 235 1506; x_wconf 87' lang='lat' dir='ltr'>re,</span> <span class='ocrx_word' id='word_1_115' title='bbox 278 1471 391 1511; x_wconf 89' lang='lat' dir='ltr'>quae</span> <span class='ocrx_word' id='word_1_116' title='bbox 423 1464 489 1498; x_wconf 89' lang='lat' dir='ltr'>est</span> <span class='ocrx_word' id='word_1_117' title='bbox 520 1458 783 1508; x_wconf 88' lang='lat' dir='ltr'>difficillima,</span> <span class='ocrx_word' id='word_1_118' title='bbox 818 1459 945 1511; x_wconf 89' lang='lat' dir='ltr'>plane</span> <span class='ocrx_word' id='word_1_119' title='bbox 977 1459 1163 1512; x_wconf 89' lang='lat' dir='ltr'>despero</span> <span class='ocrx_word' id='word_1_120' title='bbox 1195 1459 1286 1500; x_wconf 91' lang='lat' dir='ltr'>fieri</span> <span class='ocrx_word' id='word_1_121' title='bbox 1319 1474 1460 1513; x_wconf 89' lang='lat' dir='ltr'>posse,</span> <span class='ocrx_word' id='word_1_122' title='bbox 1496 1467 1542 1502; x_wconf 90' lang='lat' dir='ltr'>ut</span> <span class='ocrx_word' id='word_1_123' title='bbox 1573 1462 1670 1515; x_wconf 90' lang='lat' dir='ltr'>quis</span> 
     </span>
     <span class='ocr_line' id='line_1_17' title="bbox 177 1535 1669 1591; baseline 0.003 -17"><span class='ocrx_word' id='word_1_124' title='bbox 177 1535 448 1588; x_wconf 86' lang='lat' dir='ltr'>probabilem</span> <span class='ocrx_word' id='word_1_125' title='bbox 492 1535 645 1576; x_wconf 88' lang='lat' dir='ltr'>reddat</span> <span class='ocrx_word' id='word_1_126' title='bbox 689 1535 890 1575; x_wconf 83' lang='lat' dir='ltr'>omnibus</span> <span class='ocrx_word' id='word_1_127' title='bbox 922 1549 1044 1576; x_wconf 87' lang='lat' dir='ltr'>suam</span> <span class='ocrx_word' id='word_1_128' title='bbox 1078 1537 1384 1577; x_wconf 88' lang='lat' dir='ltr'>coniecturam.</span> <span class='ocrx_word' id='word_1_129' title='bbox 1421 1537 1537 1591; x_wconf 76' lang='lat' dir='ltr'>Quid</span> <span class='ocrx_word' id='word_1_130' title='bbox 1570 1539 1669 1578; x_wconf 91' lang='lat' dir='ltr'>inde</span> 
     </span>
     <span class='ocr_line' id='line_1_18' title="bbox 177 1611 1670 1669; baseline 0.002 -17"><span class='ocrx_word' id='word_1_131' title='bbox 177 1612 233 1652; x_wconf 89' lang='lat' dir='ltr'>ab</span> <span class='ocrx_word' id='word_1_132' title='bbox 279 1611 452 1652; x_wconf 90' lang='lat' dir='ltr'>Horatii</span> <span class='ocrx_word' id='word_1_133' title='bbox 485 1612 758 1665; x_wconf 85' lang='lat' dir='ltr'>temporibus</span> <span class='ocrx_word' id='word_1_134' title='bbox 791 1612 833 1652; x_wconf 91' lang='lat' dir='ltr'>in</span> <span class='ocrx_word' id='word_1_135' title='bbox 865 1612 1089 1653; x_wconf 90' lang='lat' dir='ltr'>codicibus</span> <span class='ocrx_word' id='word_1_136' title='bbox 1120 1613 1176 1654; x_wconf 89' lang='lat' dir='ltr'>sit</span> <span class='ocrx_word' id='word_1_137' title='bbox 1208 1613 1531 1667; x_wconf 89' lang='lat' dir='ltr'>interpolatum,</span> <span class='ocrx_word' id='word_1_138' title='bbox 1565 1615 1670 1669; x_wconf 89' lang='lat' dir='ltr'>quid</span> 
     </span>
     <span class='ocr_line' id='line_1_19' title="bbox 178 1688 1671 1745; baseline 0.003 -17"><span class='ocrx_word' id='word_1_139' title='bbox 178 1689 323 1730; x_wconf 85' lang='lat' dir='ltr'>forsan</span> <span class='ocrx_word' id='word_1_140' title='bbox 366 1695 595 1743; x_wconf 83' lang='lat' dir='ltr'>mutatum,</span> <span class='ocrx_word' id='word_1_141' title='bbox 639 1690 736 1743; x_wconf 92' lang='lat' dir='ltr'>quis</span> <span class='ocrx_word' id='word_1_142' title='bbox 769 1689 873 1729; x_wconf 90' lang='lat' dir='ltr'>mihi</span> <span class='ocrx_word' id='word_1_143' title='bbox 906 1689 1134 1730; x_wconf 88' lang='lat' dir='ltr'>ostendet?</span> <span class='ocrx_word' id='word_1_144' title='bbox 1169 1688 1354 1731; x_wconf 88' lang='lat' dir='ltr'>Codices</span> <span class='ocrx_word' id='word_1_145' title='bbox 1386 1692 1460 1745; x_wconf 91' lang='lat' dir='ltr'>qui</span> <span class='ocrx_word' id='word_1_146' title='bbox 1494 1699 1671 1733; x_wconf 84' lang='lat' dir='ltr'>exstant</span> 
     </span>
     <span class='ocr_line' id='line_1_20' title="bbox 177 1766 1671 1822; baseline 0.003 -16"><span class='ocrx_word' id='word_1_147' title='bbox 177 1767 297 1820; x_wconf 95' lang='lat' dir='ltr'>quod</span> <span class='ocrx_word' id='word_1_148' title='bbox 331 1766 386 1806; x_wconf 90' lang='lat' dir='ltr'>ad</span> <span class='ocrx_word' id='word_1_149' title='bbox 419 1767 617 1819; x_wconf 90' lang='lat' dir='ltr'>plurima,</span> <span class='ocrx_word' id='word_1_150' title='bbox 647 1780 733 1807; x_wconf 92' lang='lat' dir='ltr'>non</span> <span class='ocrx_word' id='word_1_151' title='bbox 761 1766 873 1807; x_wconf 86' lang='lat' dir='ltr'>male</span> <span class='ocrx_word' id='word_1_152' title='bbox 901 1767 1164 1808; x_wconf 90' lang='lat' dir='ltr'>conveniunt</span> <span class='ocrx_word' id='word_1_153' title='bbox 1193 1768 1304 1808; x_wconf 92' lang='lat' dir='ltr'>inter</span> <span class='ocrx_word' id='word_1_154' title='bbox 1331 1781 1388 1808; x_wconf 91' lang='lat' dir='ltr'>se.</span> <span class='ocrx_word' id='word_1_155' title='bbox 1411 1768 1479 1808; x_wconf 91' lang='lat' dir='ltr'>En</span> <span class='ocrx_word' id='word_1_156' title='bbox 1497 1776 1671 1822; x_wconf 85' lang='lat' dir='ltr'>praeter</span> 
     </span>
     <span class='ocr_line' id='line_1_21' title="bbox 178 1843 1670 1897; baseline 0.002 -14"><span class='ocrx_word' id='word_1_157' title='bbox 178 1843 296 1897; x_wconf 89' lang='lat' dir='ltr'>quod</span> <span class='ocrx_word' id='word_1_158' title='bbox 329 1843 434 1883; x_wconf 91' lang='lat' dir='ltr'>nihil</span> <span class='ocrx_word' id='word_1_159' title='bbox 467 1844 573 1884; x_wconf 93' lang='lat' dir='ltr'>certi</span> <span class='ocrx_word' id='word_1_160' title='bbox 606 1844 777 1884; x_wconf 89' lang='lat' dir='ltr'>scimus.</span> <span class='ocrx_word' id='word_1_161' title='bbox 813 1843 1032 1897; x_wconf 83' lang='lat' dir='ltr'>Seligerus</span> <span class='ocrx_word' id='word_1_162' title='bbox 1074 1845 1272 1885; x_wconf 90' lang='lat' dir='ltr'>ordinem</span> <span class='ocrx_word' id='word_1_163' title='bbox 1305 1846 1493 1895; x_wconf 83' lang='lat' dir='ltr'>invertit,</span> <span class='ocrx_word' id='word_1_164' title='bbox 1528 1847 1670 1886; x_wconf 90' lang='lat' dir='ltr'>Peerl-</span> 
     </span>
     <span class='ocr_line' id='line_1_22' title="bbox 180 1921 1672 1977; baseline 0.003 -17"><span class='ocrx_word' id='word_1_165' title='bbox 180 1921 380 1973; x_wconf 84' lang='lat' dir='ltr'>kampius</span> <span class='ocrx_word' id='word_1_166' title='bbox 413 1934 498 1960; x_wconf 93' lang='lat' dir='ltr'>non</span> <span class='ocrx_word' id='word_1_167' title='bbox 525 1927 696 1962; x_wconf 84' lang='lat' dir='ltr'>tantum</span> <span class='ocrx_word' id='word_1_168' title='bbox 730 1921 926 1961; x_wconf 89' lang='lat' dir='ltr'>ordinem</span> <span class='ocrx_word' id='word_1_169' title='bbox 956 1921 1143 1970; x_wconf 90' lang='lat' dir='ltr'>invertit,</span> <span class='ocrx_word' id='word_1_170' title='bbox 1172 1935 1322 1962; x_wconf 92' lang='lat' dir='ltr'>verum</span> <span class='ocrx_word' id='word_1_171' title='bbox 1342 1922 1478 1963; x_wconf 87' lang='lat' dir='ltr'>multa</span> <span class='ocrx_word' id='word_1_172' title='bbox 1496 1937 1672 1977; x_wconf 90' lang='lat' dir='ltr'>quoque</span> 
     </span>
     <span class='ocr_line' id='line_1_23' title="bbox 180 1996 1671 2052; baseline 0.002 -15"><span class='ocrx_word' id='word_1_173' title='bbox 180 1997 339 2038; x_wconf 91' lang='lat' dir='ltr'>reiecit.</span> <span class='ocrx_word' id='word_1_174' title='bbox 374 1996 577 2050; x_wconf 79' lang='lat' dir='ltr'>Quonam</span> <span class='ocrx_word' id='word_1_175' title='bbox 610 2004 756 2038; x_wconf 89' lang='lat' dir='ltr'>autem</span> <span class='ocrx_word' id='word_1_176' title='bbox 789 1997 907 2038; x_wconf 88' lang='lat' dir='ltr'>iure?</span> <span class='ocrx_word' id='word_1_177' title='bbox 940 1997 1145 2052; x_wconf 90' lang='lat' dir='ltr'>Aequum</span> <span class='ocrx_word' id='word_1_178' title='bbox 1174 2005 1239 2039; x_wconf 90' lang='lat' dir='ltr'>est</span> <span class='ocrx_word' id='word_1_179' title='bbox 1265 1999 1443 2052; x_wconf 89' lang='lat' dir='ltr'>quidem</span> <span class='ocrx_word' id='word_1_180' title='bbox 1472 2006 1518 2040; x_wconf 91' lang='lat' dir='ltr'>ut</span> <span class='ocrx_word' id='word_1_181' title='bbox 1535 1999 1671 2040; x_wconf 84' lang='lat' dir='ltr'>fatea-</span> 
     </span>
     <span class='ocr_line' id='line_1_24' title="bbox 179 2076 1670 2130; baseline 0.002 -16"><span class='ocrx_word' id='word_1_182' title='bbox 179 2088 289 2127; x_wconf 86' lang='lat' dir='ltr'>mur,</span> <span class='ocrx_word' id='word_1_183' title='bbox 332 2087 431 2114; x_wconf 91' lang='lat' dir='ltr'>cum</span> <span class='ocrx_word' id='word_1_184' title='bbox 474 2080 628 2116; x_wconf 92' lang='lat' dir='ltr'>etc...</span> <span class='ocrx_word' id='word_1_185' title='bbox 664 2088 763 2115; x_wconf 89' lang='lat' dir='ltr'>cum</span> <span class='ocrx_word' id='word_1_186' title='bbox 806 2088 977 2115; x_wconf 91' lang='lat' dir='ltr'>summa</span> <span class='ocrx_word' id='word_1_187' title='bbox 1019 2077 1274 2124; x_wconf 87' lang='lat' dir='ltr'>reverentia,</span> <span class='ocrx_word' id='word_1_188' title='bbox 1320 2076 1670 2130; x_wconf 89' lang='lat' dir='ltr'>Peerlkampium</span> 
     </span>
     <span class='ocr_line' id='line_1_25' title="bbox 179 2152 1670 2208; baseline 0.001 -16"><span class='ocrx_word' id='word_1_189' title='bbox 179 2153 403 2205; x_wconf 84' lang='lat' dir='ltr'>egregium</span> <span class='ocrx_word' id='word_1_190' title='bbox 436 2152 621 2192; x_wconf 91' lang='lat' dir='ltr'>iudicem</span> <span class='ocrx_word' id='word_1_191' title='bbox 654 2152 785 2193; x_wconf 88' lang='lat' dir='ltr'>fuisse</span> <span class='ocrx_word' id='word_1_192' title='bbox 816 2158 948 2206; x_wconf 91' lang='lat' dir='ltr'>atque</span> <span class='ocrx_word' id='word_1_193' title='bbox 975 2152 1290 2206; x_wconf 83' lang='lat' dir='ltr'>dignissimum,</span> <span class='ocrx_word' id='word_1_194' title='bbox 1319 2155 1393 2208; x_wconf 93' lang='lat' dir='ltr'>qui</span> <span class='ocrx_word' id='word_1_195' title='bbox 1420 2155 1670 2207; x_wconf 90' lang='lat' dir='ltr'>opinionem</span> 
     </span>
     <span class='ocr_line' id='line_1_26' title="bbox 180 2228 1672 2284; baseline 0.002 -15"><span class='ocrx_word' id='word_1_196' title='bbox 180 2242 304 2269; x_wconf 89' lang='lat' dir='ltr'>suam</span> <span class='ocrx_word' id='word_1_197' title='bbox 337 2229 381 2268; x_wconf 92' lang='lat' dir='ltr'>in</span> <span class='ocrx_word' id='word_1_198' title='bbox 413 2228 494 2269; x_wconf 90' lang='lat' dir='ltr'>hac</span> <span class='ocrx_word' id='word_1_199' title='bbox 527 2242 573 2269; x_wconf 92' lang='lat' dir='ltr'>re</span> <span class='ocrx_word' id='word_1_200' title='bbox 604 2228 829 2282; x_wconf 89' lang='lat' dir='ltr'>proferret.</span> <span class='ocrx_word' id='word_1_201' title='bbox 865 2228 929 2270; x_wconf 86' lang='lat' dir='ltr'>At</span> <span class='ocrx_word' id='word_1_202' title='bbox 961 2229 995 2269; x_wconf 94' lang='lat' dir='ltr'>si</span> <span class='ocrx_word' id='word_1_203' title='bbox 1023 2230 1118 2284; x_wconf 90' lang='lat' dir='ltr'>quis</span> <span class='ocrx_word' id='word_1_204' title='bbox 1146 2229 1394 2270; x_wconf 87' lang='lat' dir='ltr'>firmissimo</span> <span class='ocrx_word' id='word_1_205' title='bbox 1422 2244 1508 2271; x_wconf 91' lang='lat' dir='ltr'>non</span> <span class='ocrx_word' id='word_1_206' title='bbox 1536 2231 1672 2272; x_wconf 85' lang='lat' dir='ltr'>fretus</span> 
     </span>
     <span class='ocr_line' id='line_1_27' title="bbox 180 2305 1671 2361; baseline 0.002 -15"><span class='ocrx_word' id='word_1_207' title='bbox 180 2306 465 2347; x_wconf 88' lang='lat' dir='ltr'>fundamento</span> <span class='ocrx_word' id='word_1_208' title='bbox 496 2305 600 2347; x_wconf 88' lang='lat' dir='ltr'>talia</span> <span class='ocrx_word' id='word_1_209' title='bbox 632 2306 802 2355; x_wconf 90' lang='lat' dir='ltr'>doceat,</span> <span class='ocrx_word' id='word_1_210' title='bbox 837 2306 907 2346; x_wconf 87' lang='lat' dir='ltr'>alii</span> <span class='ocrx_word' id='word_1_211' title='bbox 940 2314 1059 2348; x_wconf 92' lang='lat' dir='ltr'>certo</span> <span class='ocrx_word' id='word_1_212' title='bbox 1092 2308 1250 2348; x_wconf 90' lang='lat' dir='ltr'>certius</span> <span class='ocrx_word' id='word_1_213' title='bbox 1278 2308 1514 2361; x_wconf 81' lang='lat' dir='ltr'>negabunt,</span> <span class='ocrx_word' id='word_1_214' title='bbox 1548 2309 1671 2350; x_wconf 90' lang='lat' dir='ltr'>relin-</span> 
     </span>
     <span class='ocr_line' id='line_1_28' title="bbox 180 2383 1508 2438; baseline 0.002 -15"><span class='ocrx_word' id='word_1_215' title='bbox 180 2396 452 2437; x_wconf 90' lang='lat' dir='ltr'>quemurque</span> <span class='ocrx_word' id='word_1_216' title='bbox 485 2383 863 2437; x_wconf 87' lang='lat' dir='ltr'>disputationibus,</span> <span class='ocrx_word' id='word_1_217' title='bbox 897 2398 1081 2438; x_wconf 88' lang='lat' dir='ltr'>quarum</span> <span class='ocrx_word' id='word_1_218' title='bbox 1114 2384 1255 2425; x_wconf 88' lang='lat' dir='ltr'>nullus</span> <span class='ocrx_word' id='word_1_219' title='bbox 1286 2385 1366 2425; x_wconf 91' lang='lat' dir='ltr'>erit</span> <span class='ocrx_word' id='word_1_220' title='bbox 1398 2384 1508 2426; x_wconf 90' lang='lat' dir='ltr'>finis.</span> 
     </span>
    </p>

    <p class='ocr_par' dir='ltr' id='par_1_4' title="bbox 181 2459 1672 2594">
     <span class='ocr_line' id='line_1_29' title="bbox 240 2459 1672 2515; baseline 0.003 -16"><span class='ocrx_word' id='word_1_221' title='bbox 240 2460 289 2500; x_wconf 91' lang='lat' dir='ltr'>In</span> <span class='ocrx_word' id='word_1_222' title='bbox 320 2459 404 2500; x_wconf 92' lang='lat' dir='ltr'>hac</span> <span class='ocrx_word' id='word_1_223' title='bbox 436 2459 552 2499; x_wconf 91' lang='lat' dir='ltr'>enim</span> <span class='ocrx_word' id='word_1_224' title='bbox 584 2473 727 2509; x_wconf 87' lang='lat' dir='ltr'>causa,</span> <span class='ocrx_word' id='word_1_225' title='bbox 761 2466 946 2501; x_wconf 87' lang='lat' dir='ltr'>externa</span> <span class='ocrx_word' id='word_1_226' title='bbox 978 2474 1090 2515; x_wconf 87' lang='lat' dir='ltr'>quae</span> <span class='ocrx_word' id='word_1_227' title='bbox 1122 2468 1282 2502; x_wconf 88' lang='lat' dir='ltr'>vocant</span> <span class='ocrx_word' id='word_1_228' title='bbox 1313 2469 1585 2515; x_wconf 87' lang='lat' dir='ltr'>argumenta,</span> <span class='ocrx_word' id='word_1_229' title='bbox 1615 2477 1672 2504; x_wconf 84' lang='lat' dir='ltr'>ex</span> 
     </span>
     <span class='ocr_line' id='line_1_30' title="bbox 181 2536 1671 2594; baseline 0.003 -18"><span class='ocrx_word' id='word_1_230' title='bbox 181 2537 332 2577; x_wconf 91' lang='lat' dir='ltr'>codice</span> <span class='ocrx_word' id='word_1_231' title='bbox 374 2537 524 2590; x_wconf 85' lang='lat' dir='ltr'>petita,</span> <span class='ocrx_word' id='word_1_232' title='bbox 564 2536 701 2577; x_wconf 89' lang='lat' dir='ltr'>multo</span> <span class='ocrx_word' id='word_1_233' title='bbox 734 2537 831 2590; x_wconf 88' lang='lat' dir='ltr'>plus</span> <span class='ocrx_word' id='word_1_234' title='bbox 862 2538 1009 2579; x_wconf 89' lang='lat' dir='ltr'>valent</span> <span class='ocrx_word' id='word_1_235' title='bbox 1041 2552 1172 2591; x_wconf 87' lang='lat' dir='ltr'>quam</span> <span class='ocrx_word' id='word_1_236' title='bbox 1205 2539 1330 2578; x_wconf 91' lang='lat' dir='ltr'>unius</span> <span class='ocrx_word' id='word_1_237' title='bbox 1363 2539 1440 2579; x_wconf 91' lang='lat' dir='ltr'>viri</span> <span class='ocrx_word' id='word_1_238' title='bbox 1473 2541 1671 2594; x_wconf 84' lang='lat' dir='ltr'>quamvis</span> 
     </span>
    </p>
   </div>
   <div class='ocr_carea' id='block_1_3' title="bbox 220 2642 960 2649">
    <p class='ocr_par' dir='ltr' id='par_1_5' title="bbox 220 2642 960 2649">
     <span class='ocr_line' id='line_1_31' title="bbox 220 2642 960 2649; baseline 0 0"><span class='ocrx_word' id='word_1_239' title='bbox 220 2642 960 2649; x_wconf 95' lang='lat' dir='ltr'> </span> 
     </span>
    </p>
   </div>
   <div class='ocr_carea' id='block_1_4' title="bbox 235 2717 1001 2762">
    <p class='ocr_par' dir='ltr' id='par_1_6' title="bbox 235 2717 1001 2762">
     <span class='ocr_line' id='line_1_32' title="bbox 235 2717 1001 2762; baseline 0.004 -10"><span class='ocrx_word' id='word_1_240' title='bbox 235 2720 267 2762; x_wconf 93' lang='lat'>1)</span> <span class='ocrx_word' id='word_1_241' title='bbox 293 2717 349 2753; x_wconf 88' lang='lat' dir='ltr'>Cf.</span> <span class='ocrx_word' id='word_1_242' title='bbox 376 2718 607 2752; x_wconf 89' lang='lat' dir='ltr'>Suetonium.</span> <span class='ocrx_word' id='word_1_243' title='bbox 633 2719 721 2753; x_wconf 83' lang='lat' dir='ltr'>Vita</span> <span class='ocrx_word' id='word_1_244' title='bbox 747 2720 837 2753; x_wconf 90' lang='lat' dir='ltr'>Hor.</span> <span class='ocrx_word' id='word_1_245' title='bbox 866 2720 1001 2756; x_wconf 86' lang='lat' dir='ltr'>Flacci.</span> 
     </span>
    </p>
   </div>
   <div class='ocr_carea' id='block_1_5' title="bbox 184 2806 1674 2910">
    <p class='ocr_par' dir='ltr' id='par_1_7' title="bbox 184 2806 1674 2910">
     <span class='ocr_line' id='line_1_33' title="bbox 231 2806 1674 2852; baseline 0.004 -13"><span class='ocrx_word' id='word_1_246' title='bbox 231 2807 268 2849; x_wconf 86' lang='lat'>2)</span> <span class='ocrx_word' id='word_1_247' title='bbox 304 2806 400 2840; x_wconf 91' lang='lat' dir='ltr'>Vide</span> <span class='ocrx_word' id='word_1_248' title='bbox 433 2817 530 2851; x_wconf 92' lang='lat' dir='ltr'>quae</span> <span class='ocrx_word' id='word_1_249' title='bbox 563 2817 676 2852; x_wconf 88' lang='lat' dir='ltr'>supra</span> <span class='ocrx_word' id='word_1_250' title='bbox 713 2817 798 2852; x_wconf 84' lang='lat' dir='ltr'>pag.</span> <span class='ocrx_word' id='word_1_251' title='bbox 832 2807 878 2849; x_wconf 88' lang='lat'>84</span> <span class='ocrx_word' id='word_1_252' title='bbox 909 2808 946 2841; x_wconf 88' lang='lat' dir='ltr'>in</span> <span class='ocrx_word' id='word_1_253' title='bbox 979 2808 1230 2843; x_wconf 89' lang='lat' dir='ltr'>annotatione.</span> <span class='ocrx_word' id='word_1_254' title='bbox 1258 2810 1434 2844; x_wconf 85' lang='lat' dir='ltr'>Attamen</span> <span class='ocrx_word' id='word_1_255' title='bbox 1472 2821 1558 2844; x_wconf 88' lang='lat' dir='ltr'>eum</span> <span class='ocrx_word' id='word_1_256' title='bbox 1599 2811 1674 2845; x_wconf 90' lang='lat' dir='ltr'>tale</span> 
     </span>
     <span class='ocr_line' id='line_1_34' title="bbox 184 2864 1046 2910; baseline 0.005 -13"><span class='ocrx_word' id='word_1_257' title='bbox 184 2864 273 2908; x_wconf 85' lang='lat' dir='ltr'>quid</span> <span class='ocrx_word' id='word_1_258' title='bbox 300 2875 450 2910; x_wconf 89' lang='lat' dir='ltr'>quoque</span> <span class='ocrx_word' id='word_1_259' title='bbox 477 2865 625 2899; x_wconf 84' lang='lat' dir='ltr'>finxisse</span> <span class='ocrx_word' id='word_1_260' title='bbox 649 2876 723 2899; x_wconf 89' lang='lat' dir='ltr'>non</span> <span class='ocrx_word' id='word_1_261' title='bbox 750 2866 858 2900; x_wconf 80' lang='lat' dir='ltr'>facile</span> <span class='ocrx_word' id='word_1_262' title='bbox 884 2866 1046 2902; x_wconf 89' lang='lat' dir='ltr'>credam.</span> 
     </span>
    </p>
   </div>
  </div>
 </body>
</html>
