1955 3157
924 210 998 261 165

213 342 424 383 erweist.''
460 341 631 382 Mecum
665 341 749 381 iam
782 340 1072 393 exspectabis,
1107 339 1251 392 credo,
1285 338 1437 388 lector,
1470 352 1568 378 eum
1597 351 1703 390 ergo

213 432 308 459 esse
365 425 622 472 negaturum
674 431 842 457 omnem
890 417 1115 458 unitatem.
1165 415 1229 457 At
1276 416 1377 456 audi
1424 429 1475 456 ac
1522 415 1705 455 mirare:

215 495 336 545 „Das
380 495 595 548 Ergebnis
637 494 778 535 dieser
810 493 1003 546 Prufung
1034 506 1119 533 von
1151 492 1242 534 Soll
1275 492 1362 533 und
1396 492 1554 532 Haben
1587 491 1704 531 kann

215 586 296 613 nur
342 572 500 625 lauten,
549 571 650 612 dass
691 571 760 611 die
803 570 994 621 Einheit‚
1039 570 1107 610 die
1155 570 1232 610 das
1276 568 1424 610 Ganze
1457 574 1705 621 umspannt,

215 650 335 690 nicht
368 650 462 689 eine
495 648 759 701 begriffliche
793 648 858 688 ist.
893 646 1037 687 Wenn
1069 647 1160 687 also
1193 647 1289 686 eine
1320 645 1496 686 Einheit
1523 645 1709 698 vorliegt

217 741 265 767 so
318 740 436 766 muss
482 726 545 766 sie
576 725 862 766 ausserlicher
894 723 980 765 Art
1012 724 1146 765 sein.”
1182 723 1349 764 Verum
1383 723 1616 771 enimvero,
1650 735 1708 761 ex

217 817 304 856 qua
336 817 381 843 re
414 816 577 856 quaeso
610 802 766 842 efficies
799 800 926 842 illud:
964 815 1115 850 „wenn
1148 801 1241 841 eine
1269 799 1451 840 Ez‘nlzez‘t
1474 798 1707 852 vorlz'egt'',

218 880 297 920 nisi
329 893 387 920 ex
419 880 521 933 ipsis
555 880 617 928 iis,
651 893 764 933 quae
797 879 839 918 in
872 877 1011 931 Cyclo
1043 878 1333 928 continentur,
1367 883 1498 930 atque
1531 890 1588 916 ex
1617 889 1711 916 car-

218 958 383 997 minum
417 957 583 997 forma?
616 956 709 996 Iam
741 957 775 996 si
804 956 906 996 haec
933 955 1145 996 unitatem
1175 968 1279 1008 prae
1297 968 1344 994 se
1361 954 1516 1006 ferunt⁷
1537 953 1710 1006 egregie

219 1032 379 1074 fallitur
421 1033 675 1083 Hiemerus;
719 1034 783 1073 sin
827 1033 981 1081 minus,
1015 1045 1103 1086 qua
1136 1031 1190 1072 de
1221 1044 1352 1071 causa
1385 1044 1481 1070 eam
1514 1030 1711 1085 quaerit?

279 1111 510 1151 Praeterea
558 1117 604 1151 ut
652 1110 863 1150 unitatem
911 1122 1011 1149 vere
1061 1110 1275 1149 internam
1322 1108 1431 1149 tueri
1481 1108 1710 1160 possimus,

219 1201 362 1228 nonne
395 1194 702 1241 argumentum
735 1187 819 1227 hoc
851 1187 976 1226 nobis
1008 1186 1176 1236 sufficit,
1210 1184 1329 1240 quod
1358 1185 1516 1238 ubique
1544 1184 1586 1224 in
1605 1183 1712 1224 Odis

220 1266 380 1306 diserte
413 1265 767 1318 recognovimus:
802 1270 958 1317 poetae
992 1263 1218 1303 consilium
1245 1261 1425 1302 docendi
1449 1261 1712 1301 iuventutem

219 1342 468 1382 Romanam
522 1341 748 1381 Romanas
799 1341 996 1390 virtutes,
1045 1341 1112 1381 vel
1160 1339 1421 1380 celebrando
1469 1339 1596 1391 ipsas,
1645 1338 1713 1377 vel

221 1418 532 1472 exprobrando
576 1418 740 1472 flagitia
773 1418 875 1471 ipsis
908 1417 1152 1459 contraria?
1185 1417 1501 1458 Verumtamen
1534 1428 1620 1455 non
1653 1414 1714 1454 ita

221 1497 504 1537 ratiocinatus
551 1502 616 1536 est
662 1496 727 1536 vir
773 1495 1062 1536 doctissimus.
1113 1494 1456 1535 Perveniendum
1499 1493 1612 1532 enim
1657 1491 1713 1531 illi

221 1580 315 1614 erat
352 1573 406 1613 ad
429 1573 598 1626 festum
633 1573 761 1612 illum
794 1572 922 1621 diem,
955 1586 1043 1626 quo
1077 1572 1321 1624 Principem
1356 1569 1553 1623 perhibet
1586 1569 1715 1609 fuisse

222 1650 487 1691 celebratum
521 1650 693 1691 Horatii
726 1650 1002 1690 carminibus.

282 1727 434 1782 Atque
476 1728 537 1768 sic
578 1751 635 1757 —
673 1728 819 1768 multis
852 1727 922 1767 hic
954 1727 1053 1766 inde
1086 1725 1320 1766 interiectis
1352 1748 1409 1754 -—
1441 1724 1558 1764 viam
1591 1736 1714 1763 suam

223 1806 376 1846 sternit
394 1804 450 1858 1);
489 1805 594 1854 „Bei
627 1804 703 1844 der
736 1803 984 1844 feierlichen
1018 1802 1315 1855 Anbringung
1346 1801 1484 1841 dieses
1519 1799 1716 1841 Schildes

224 1883 381 1936 (clupei
409 1882 544 1935 aurei)
572 1883 614 1922 in
643 1881 720 1922 der
747 1882 866 1922 curia
892 1881 1000 1922 Iulia
1028 1879 1206 1921 wurden
1231 1880 1300 1919 die
1320 1878 1601 1919 Romeroden
1620 1890 1717 1917 zum

223 1958 456 2001 erstenmal
502 1972 738 2012 gesungen.
788 1958 879 1998 Der
927 1958 1091 1998 Beweis
1137 1956 1243 2010 liegt
1300 1956 1438 2003 darin,
1497 1955 1597 1995 dass
1644 1954 1714 1994 die

226 2037 381 2078 Worte
427 2037 575 2085 virtus,
624 2035 866 2083 clementia,
916 2034 1093 2085 iustitia,
1140 2033 1280 2086 pietas
1327 2046 1469 2085 genau
1503 2032 1544 2072 in
1577 2031 1717 2071 dieser

226 2113 527 2167 Reihenfolge,
571 2113 641 2154 die
683 2126 769 2153 von
810 2112 887 2152 der
920 2111 1159 2152 modernen
1192 2111 1445 2163 Erklarung
1476 2109 1717 2162 vergebens

226 2190 466 2244 gesuchten
508 2190 625 2231 Titel
662 2190 739 2230 der
772 2190 947 2240 dritten,
980 2189 1160 2238 vierten‚
1195 2187 1362 2229 funsten
1394 2187 1482 2228 und
1516 2186 1718 2226 sechsten

227 2269 508 2309 Romeroden
540 2268 680 2308 sind'’.

287 2347 378 2387 Iam
435 2359 539 2386 vero
592 2345 728 2385 oritur
774 2342 1028 2384 difficultas:
1078 2342 1220 2392 „Dass
1267 2341 1361 2382 dies
1408 2340 1528 2381 nicht
1574 2339 1720 2392 langst

228 2423 414 2464 erkannt
467 2423 534 2472 ist,
584 2421 707 2462 ruhrt
754 2420 890 2461 daher
936 2419 1037 2460 dass
1084 2420 1161 2460 wir
1208 2419 1288 2459 mit
1334 2418 1419 2458 den
1466 2416 1720 2458 Deutschen

229 2499 436 2542 Wortern
483 2500 563 2540 mit
611 2499 750 2539 denen
800 2498 875 2538 wir
918 2497 1035 2537 diese
1077 2497 1169 2537 vier
1211 2496 1464 2536 ubersetzen
1495 2507 1592 2534 zum
1626 2492 1721 2533 Teil

229 2592 339 2631 ganz
397 2577 558 2618 andere
615 2575 804 2629 Begriffe
850 2573 1132 2615 verbinden'’.
1183 2572 1253 2614 Sic
1301 2572 1416 2613 enirn
1464 2571 1670 2612 Heinzius
1688 2571 1720 2622 2>

284 2744 316 2785 1)
342 2741 399 2776 Cf.
427 2741 473 2775 ib.
502 2751 587 2786 pag.
618 2748 648 2784 5.

279 2821 315 2863 2)
341 2818 436 2853 Vide
460 2819 510 2853 l.l.
537 2828 621 2863 pag.
648 2826 727 2860 239.
