1955 3157
941 249 997 291 34

546 367 748 412 Vitamque
774 366 844 401 sub
870 366 959 401 divo
984 372 1020 401 et
1047 367 1201 412 trepidis
1226 372 1313 411 agat

547 427 590 460 In
615 426 738 460 rebus.
766 426 876 460 Illum
903 437 947 460 ex
972 426 1169 461 moenibus
1193 426 1346 461 hosticis

594 486 766 520 Matrona
793 485 968 519 bellantis
993 485 1143 530 tyranni

642 544 875 589 Prospiciens
900 549 936 578 et
961 543 1092 578 adulta
1117 544 1222 588 virgo

547 640 733 684 Suspiret:
762 639 891 683 »eheu‚
918 649 963 673 ne
989 638 1091 672 rudis
1116 638 1311 682 agminum

547 698 712 744 Sponsus
737 698 895 732 lacessat
921 697 1044 741 regius
1069 707 1244 742 asperum

594 758 714 792 Tactu
740 757 898 800 leonem,
924 767 1037 802 quem
1062 763 1218 791 cruenta

642 817 711 850 Per
736 816 880 850 medias
905 815 1003 861 rapit
1028 815 1084 849 ira
1109 815 1215 850 sedes
1226 815 1264 850 ?'’

275 919 384 973 Quis
416 919 605 972 incipere
636 918 788 959 credat
819 924 1087 972 postremam
1120 918 1237 958 illam
1270 917 1388 958 hisce
1420 917 1587 958 verbis:

549 1024 637 1058 »Est
663 1027 699 1057 et
722 1022 823 1057 fideli
849 1029 930 1057 tuta
955 1023 1102 1057 silentio
1127 1022 1296 1057 merces’'
1323 1043 1366 1047 —

216 1121 296 1161 nisi
348 1134 428 1174 pro
471 1134 590 1161 mera
631 1120 828 1161 versione
870 1125 1028 1173 poetae
1069 1119 1249 1160 alicuius
1291 1118 1448 1160 Graeci
1480 1131 1578 1159 earn
1610 1119 1707 1173 quis

216 1198 390 1248 habeat,
439 1221 497 1227 —-
543 1204 587 1238 et
633 1211 686 1238 ne
727 1198 789 1238 sic
831 1197 1008 1252 quidem
1051 1197 1143 1237 fieri
1186 1203 1345 1250 potest.
1389 1195 1559 1250 Aperte
1591 1196 1705 1236 enim

217 1275 430 1315 indicatur
476 1275 531 1316 de
573 1274 718 1329 aliqua
759 1274 936 1316 alterius
970 1275 1030 1315 rei
1063 1273 1264 1315 mercede
1296 1275 1382 1314 iam
1415 1287 1510 1314 esse
1540 1273 1705 1314 dictum

217 1358 358 1393 antea.
392 1352 662 1393 Divisionem
694 1352 854 1406 protuli
882 1351 1302 1405 Peerlkampianam,
1331 1351 1406 1405 qui
1434 1351 1499 1392 vir
1517 1349 1708 1391 celeber-

218 1430 362 1475 rimus,
396 1443 495 1470 cum
527 1435 695 1470 ceteras
728 1428 836 1469 odas
868 1429 1092 1469 Romanas
1125 1435 1217 1470 turn
1251 1428 1364 1469 hanc
1395 1442 1452 1468 ex
1479 1441 1601 1468 more
1628 1440 1708 1468 suo

217 1506 447 1547 ordinavit.
477 1506 630 1559 Neque
659 1505 784 1546 video
813 1520 900 1560 quo
929 1507 1018 1547 iure
1036 1506 1071 1546 is
1088 1506 1162 1560 qui
1180 1512 1354 1547 nostrae
1372 1519 1458 1546 non
1475 1505 1708 1546 assentitur

217 1584 423 1636 opinioni,
467 1583 552 1624 hoc
595 1584 750 1625 saltem
792 1584 829 1624 ei
862 1584 1103 1637 exprobret
1134 1583 1253 1638 quod
1285 1585 1486 1637 ‘yvcbpcag'
1516 1582 1707 1635 singulas

217 1662 438 1702 vocaverit
493 1668 655 1714 partes.
703 1661 819 1701 Nam
867 1660 1085 1702 vinculum
1132 1660 1356 1715 quoddam
1404 1659 1578 1700 firmum
1627 1659 1706 1699 nisi

217 1751 442 1791 agnoscas,
476 1739 518 1779 in
551 1738 668 1779 illam
700 1738 940 1780 doctissimi
972 1739 1050 1778 viri
1085 1738 1489 1792 interpretationem
1522 1736 1708 1791 pedibus

217 1815 406 1856 eundum
439 1828 523 1868 ego
554 1829 729 1869 quoque
761 1829 931 1857 censeo.
966 1814 1082 1869 Quid
1109 1829 1233 1856 secus
1260 1815 1340 1855 sibi
1367 1813 1708 1868 velitareliquis

216 1892 411 1933 versibus
443 1899 646 1946 separata
677 1893 859 1946 stropha
890 1892 962 1933 illa
993 1898 1172 1946 quarta:

550 1998 692 2032 »Dulce
718 2004 754 2032 et
778 1998 957 2032 decorum
983 2004 1038 2032 est
1063 2009 1131 2043 pro
1157 1998 1278 2043 patria
1304 1997 1408 2032 mori.

548 2057 649 2091 Mors
674 2062 710 2091 et
735 2056 908 2101 fugacem
933 2057 1168 2102 persequitur
1193 2057 1328 2099 virum,

595 2117 674 2150 Nec
699 2116 819 2161 parcit
844 2116 1006 2151 imbellis
1031 2116 1206 2151 iuventae

643 2175 851 2220 Poplitibus
875 2175 1082 2221 timidoque
1106 2176 1244 2220 tergo.”

278 2271 437 2312 Essent
478 2271 676 2325 profecto
717 2272 841 2326 quasi
872 2272 1137 2325 fragmenta
1173 2272 1418 2325 longiorum
1450 2271 1704 2321 carminum,

217 2361 331 2402 quae
378 2362 614 2402 numquam
657 2348 915 2390 absolvisset
956 2355 1100 2402 poeta,
1144 2362 1258 2389 nunc
1288 2354 1434 2390 autem
1467 2355 1632 2389 temere
1663 2348 1706 2388 in

218 2439 351 2465 unum
395 2426 572 2466 redacta
591 2424 635 2478 1).
677 2449 736 2454 —
778 2425 923 2479 Quam
964 2439 1069 2466 vero
1111 2425 1379 2479 perabsurda
1420 2424 1704 2478 compositio!

270 2548 302 2589 1)
341 2547 397 2580 De
433 2547 611 2581 methodo
644 2548 956 2593 Peerlkampiana
990 2548 1125 2582 rectius
1158 2547 1247 2593 quia
1271 2547 1427 2593 aequius
1453 2558 1567 2592 quam
1593 2546 1706 2581 ceteri

219 2605 398 2639 iudicavit
436 2606 695 2640 Hartmannus
729 2626 772 2630 ——
799 2608 857 2641 De
883 2607 1040 2641 Horatio
1067 2607 1180 2641 Poeta
1207 2626 1250 2630 —
1277 2606 1341 2640 ubi
1367 2606 1462 2640 inter
1487 2607 1561 2640 alia
1586 2607 1706 2641 multa

219 2664 316 2698 hanc
343 2664 407 2698 dat
433 2675 546 2709 quam
574 2675 708 2699 vocare
735 2666 848 2699 velim
873 2666 1168 2700 conclusionem:
1199 2665 1364 2709 »Quodsi
1389 2666 1472 2710 quis
1497 2676 1557 2699 me
1581 2671 1704 2709 roget:

219 2733 355 2766 ergone
380 2723 448 2756 tibi
473 2724 693 2757 temerariae
718 2724 810 2758 istae
836 2724 1086 2770 Peerlkampii
1112 2724 1347 2759 coniecturae
1372 2730 1560 2758 certarum
1583 2735 1706 2758 emen-

219 2780 413 2815 dationum
440 2781 556 2816 instar
581 2782 755 2816 videntur
766 2783 802 2816 ?”
829 2783 862 2817 ei
888 2783 939 2817 sic
965 2783 1189 2828 respondere
1213 2783 1325 2817 velim
1348 2789 1388 2817 ut
1409 2783 1530 2828 primo
1552 2788 1705 2828 aspectu

219 2840 252 2873 ei
289 2840 462 2884 aenigma
498 2841 651 2886 aliquod
684 2852 892 2887 proponere
926 2842 1065 2876 videar.
1100 2842 1194 2876 Dico
1219 2842 1317 2876 enim
1344 2853 1404 2876 me
1430 2842 1459 2876 si
1483 2842 1705 2877 discentium
