1955 3157
942 283 1022 323 104

237 401 472 456 Legenden
525 401 856 444 neubelebten.’'
915 401 998 452 Sic,
1048 416 1315 457 quamquam
1362 403 1416 443 de
1462 403 1723 456 migratione

231 493 378 521 sermo
410 485 476 520 est
507 479 662 529 nullus,
696 492 754 520 ex
785 479 970 521 historia
1000 485 1149 521 tamen
1180 479 1416 521 illustratur
1449 480 1724 534 propositum

235 556 421 597 Horatii.
456 556 608 597 Monet
638 557 832 609 iuvenes,
864 563 911 597 ut
942 556 999 597 ad
1031 569 1136 597 suae
1168 557 1334 609 patriae
1366 556 1552 611 gloriam
1579 557 1724 611 potius

234 633 471 675 attendant
502 646 589 674 non
620 633 794 674 aliunde
827 633 956 674 aliam
987 640 1259 687 quaerentes.

295 711 583 752 Doctissimus
610 711 674 752 vir
701 710 888 751 Iurenka
906 708 951 762 1),
981 723 1158 763 prorsus
1185 710 1265 751 sibi
1294 716 1510 761 constans,
1529 711 1600 751 hic
1617 724 1725 765 quo-

234 801 320 843 que
337 788 453 841 apud
472 787 665 829 Graecos
682 787 897 841 quaesivit
915 786 1165 840 exemplum
1185 787 1352 841 sibique
1370 787 1413 828 id
1431 788 1643 828 invenisse
1660 794 1726 828 est

235 866 350 905 visus
383 865 500 918 apud
532 865 788 906 Homerum.
820 864 930 912 „Mit
957 863 1011 913 V,
1046 864 1097 904 16
1123 864 1181 906 f.f.
1212 864 1359 904 fu'hlen
1377 866 1452 905 wir
1469 879 1548 906 uns
1567 864 1726 905 wieder

234 955 345 995 ganz
376 942 446 982 bei
478 942 646 982 Homer
677 955 728 982 zu
760 941 934 981 Hause:
968 940 1058 981 ihm
1090 941 1287 982 entlehnt
1313 941 1460 981 Horaz
1487 941 1554 981 fur
1581 941 1648 982 ein
1667 941 1725 981 im

236 1018 367 1060 Solde
414 1019 491 1059 der
534 1017 905 1071 Verherrlichung
947 1017 1085 1057 Roms
1127 1017 1359 1058 stehendes
1402 1017 1613 1059 Gemalde
1656 1018 1726 1058 die

237 1095 422 1148 Farben,
466 1095 577 1136 auch
621 1108 708 1135 was
750 1094 820 1134 die
861 1093 1119 1147 behagliche
1161 1094 1306 1136 Breite
1337 1095 1414 1136 der
1445 1094 1727 1148 Darstellung

236 1171 455 1226 anlangt.''
505 1171 676 1225 Quibus
708 1172 851 1212 verbis
883 1172 948 1211 vir
980 1171 1256 1212 doctissimus
1287 1185 1374 1212 non
1409 1185 1563 1225 parum
1596 1171 1725 1212 bilem

236 1250 374 1290 movit
412 1248 698 1290 Gnesottonis
729 1249 803 1303 qui
835 1249 1252 1290 commentationem
1285 1249 1542 1303 conscripsit
1574 1255 1726 1290 contra

236 1340 336 1368 eum
354 1325 399 1379 2).

295 1403 465 1443 Deinde
512 1402 756 1456 simplicem
788 1403 1010 1456 quandam
1041 1403 1176 1444 tradit
1208 1403 1559 1457 explicationem,
1593 1417 1726 1457 quam

235 1481 311 1520 vix
343 1487 449 1534 puto
482 1480 684 1533 cuiquam
716 1493 846 1533 posse
882 1480 1070 1534 probari.
1105 1481 1310 1529 Fuerunt,
1341 1481 1493 1533 inquit,
1527 1480 1726 1521 homines

238 1557 429 1606 „welche
490 1558 533 1597 in
585 1557 702 1597 ihrer
748 1558 888 1610 pietas
934 1571 984 1598 so
1031 1558 1131 1599 weit
1176 1558 1350 1612 gingen‚
1399 1558 1501 1598 dasz
1548 1559 1608 1598 sie
1656 1557 1726 1598 die

238 1633 686 1687 Wiederherstellung
727 1634 804 1674 des
848 1634 1106 1683 „ahnlichen
1149 1635 1310 1688 Troja''
1349 1635 1408 1675 im
1440 1635 1599 1676 Ernste
1631 1634 1727 1676 aufs

236 1711 381 1764 Tapet
422 1711 676 1753 brachten.''
720 1710 889 1764 Quibus
931 1711 1274 1753 adversabantur
1304 1712 1374 1753 alii
1409 1712 1584 1753 Iunonis
1615 1712 1725 1753 iram

237 1795 494 1830 metuentes,
542 1788 623 1828 His
670 1789 826 1830 iterum
873 1789 1197 1842 respondebant
1244 1788 1303 1829 illi
1346 1790 1503 1839 „rebus
1545 1790 1726 1831 nimium

237 1865 449 1906 fidentes''
483 1866 672 1906 Romam
700 1865 802 1907 nulli
831 1865 1024 1920 periculo
1052 1866 1138 1907 iam
1166 1880 1260 1907 esse
1277 1866 1529 1907 obnoxiam.
1550 1866 1726 1916 „Horaz

239 1957 326 1983 nun
373 1942 518 1983 indem
564 1957 610 1983 er
649 1943 743 1983 sich
785 1943 863 1984 der
904 1943 1083 1984 zweiten
1126 1943 1267 1984 Partei
1310 1943 1578 1993 anschlieszt,
1612 1944 1727 1997 zeigt

239 2020 330 2060 sich
378 2033 458 2060 uns
490 2019 582 2060 also
614 2020 676 2061 als
709 2020 940 2074 derjenige,
976 2019 1161 2061 welcher
1192 2020 1284 2061 sich
1317 2035 1403 2062 von
1435 2021 1519 2061 den
1553 2021 1725 2074 Fragen

239 2097 317 2137 der
348 2096 651 2151 Tagespolitik
682 2097 911 2138 abwendet
942 2097 1030 2137 und
1062 2097 1147 2138 den
1180 2097 1368 2151 Mythen
1399 2103 1627 2148 zusteuert‚
1656 2097 1725 2138 die

240 2174 444 2227 ubrigens
485 2173 548 2215 als
593 2174 778 2228 „heilige
820 2173 1111 2215 Geschichte''
1150 2174 1388 2228 aufgefasst
1420 2174 1611 2216 wurden.
1644 2175 1726 2216 Mit

292 2328 324 2370 1)
349 2325 406 2360 Cf.
434 2325 481 2360 l.l.
509 2336 595 2371 pag.
622 2325 702 2371 298.

290 2404 325 2446 2)
352 2404 424 2436 »Le
449 2402 512 2436 odi
538 2402 699 2436 Romani
725 2402 763 2436 di
790 2403 920 2437 Orazio
945 2414 965 2437 e
991 2403 1027 2437 la
1053 2403 1181 2437 critica
1206 2403 1244 2437 di
1270 2404 1353 2447 Ugo
1377 2404 1574 2448 Jurenka''.
1600 2405 1680 2439 Atti
1705 2416 1726 2439 e

242 2462 420 2495 memorie
445 2461 545 2495 della
571 2463 659 2496 Acc.
686 2462 722 2496 in
749 2462 902 2496 Padova
933 2472 1033 2507 1900,
1059 2473 1142 2508 pag.
1170 2470 1246 2507 105.
1271 2464 1476 2507 »L'autore‚
1498 2464 1631 2508 inquit,
1643 2464 1725 2498 dice

241 2520 311 2554 che
337 2521 374 2554 in
400 2527 532 2565 questa
557 2521 784 2565 digressione
811 2522 872 2555 noi
898 2522 930 2555 ci
956 2522 1141 2556 troviamo
1169 2523 1205 2556 in
1231 2534 1318 2556 casa
1339 2522 1526 2557 d’Omero.
1549 2523 1588 2557 Io
1610 2533 1726 2568 penso

241 2579 371 2613 invece
408 2580 477 2614 che
515 2580 588 2623 noi,
626 2580 809 2624 leggendo
847 2581 1051 2626 quest'ode,
1088 2581 1120 2615 ci
1155 2582 1340 2615 troviamo
1374 2581 1411 2615 in
1437 2592 1524 2615 casa
1548 2581 1725 2616 d’Omero

242 2648 369 2682 presso
403 2649 425 2672 a
458 2649 552 2684 poco
586 2645 727 2684 quanto
754 2639 936 2684 leggendo
961 2639 1101 2674 l'Aiace
1127 2640 1165 2674 di
1190 2639 1337 2674 Sofocle
1362 2640 1411 2674 od
1435 2640 1532 2674 altra
1557 2640 1725 2685 tragedia

243 2697 398 2730 classica
435 2697 569 2732 attinta
594 2698 668 2732 alle
693 2698 786 2732 fonti
811 2699 1024 2733 Omeriche!
1041 2725 1144 2734 .....
1172 2699 1333 2733 volendo
1357 2699 1430 2743 egli
1456 2699 1581 2744 parlar
1606 2699 1724 2743 d’Ilio,

243 2766 348 2789 come
375 2756 410 2789 lo
435 2756 601 2790 avrebbe
627 2763 757 2802 potuto
784 2768 890 2791 senza
917 2757 1082 2792 ricordar
1107 2768 1191 2792 cose
1213 2758 1413 2792 d’Omero?
1438 2758 1577 2802 Questo
1591 2768 1724 2802 genere

244 2814 502 2856 d’imitazione,
543 2826 618 2849 non
658 2826 734 2860 puo
771 2816 809 2849 in
845 2816 959 2850 modo
996 2817 1143 2859 alcuno,
1180 2828 1240 2851 me
1277 2817 1313 2850 lo
1353 2816 1510 2862 perdoni
1546 2817 1724 2861 l’Autore,

244 2873 430 2908 intaccare
455 2874 480 2908 il
506 2874 633 2920 pregio
659 2874 744 2908 dell'
771 2875 1016 2919 originalita.'‘
1043 2877 1170 2918 Recte,
1196 2882 1236 2909 ut
1260 2875 1439 2910 existimo.
