1955 3157
963 228 1014 272 53

298 352 487 394 Accedit
503 352 623 408 quod
640 351 696 393 ad
715 350 929 393 Catonem
951 350 1129 406 quidem
1148 350 1366 405 pertinere
1382 355 1528 404 potest
1546 349 1729 404 stropha

238 431 406 484 quinta,
440 454 498 461 —
528 436 653 471 sexta
684 442 790 470 vero
820 442 956 484 quare
986 435 1159 470 tantum
1193 427 1379 470 Catoni?

571 535 723 570 »Virtus
749 534 947 569 recludens
972 533 1168 568 immeritis
1192 533 1288 567 mori

569 594 727 630 Coelum
753 600 889 638 negata
914 599 1074 638 temptat
1099 593 1169 627 iter
1195 592 1257 626 via

616 655 832 700 Coetusque
857 653 1031 698 volgares
1055 658 1092 687 et
1118 652 1234 686 udam

663 714 813 760 Spernit
838 714 998 748 humum
1025 712 1191 757 fugiente
1216 712 1373 757 penna.’'

295 811 453 852 Nonne
495 811 538 852 in
571 817 726 865 aperto
759 816 839 864 est,
872 809 1035 864 aliquid
1068 808 1335 851 intellectum
1367 813 1553 862 tanturn⁷
1586 807 1731 861 potius

235 902 367 943 quam
386 887 723 929 determinatum
742 886 961 943 quendam
980 886 1120 927 virum
1138 885 1405 939 significasse
1425 884 1657 925 Horatium
1671 884 1685 924 ?
1699 883 1729 935 1)

295 966 449 1021 Itaque
466 965 579 1006 idem
600 965 832 1006 dicendum
852 964 957 1005 mihi
975 964 1147 1005 videtur
1164 963 1219 1004 de
1231 962 1413 1017 stropha
1426 960 1730 1015 praecedente.

235 1043 410 1084 Laudat
436 1043 568 1096 igitur
594 1043 799 1084 virtutem
827 1042 1002 1096 qualem
1029 1047 1159 1082 antea
1185 1040 1506 1094 descripsimus,
1524 1039 1730 1080 virtutem

234 1121 313 1161 viri
355 1134 458 1161 vere
499 1121 689 1160 Romani
730 1120 966 1173 propriam,
1010 1132 1136 1174 quae,
1180 1118 1379 1173 quamvis
1411 1117 1614 1166 honores,
1648 1116 1674 1157 i.
1693 1129 1730 1157 e.

234 1198 516 1252 magistratus
563 1197 741 1237 minime
783 1203 965 1246 recuset,
1009 1202 1163 1250 utpote
1203 1195 1362 1250 quibus
1405 1195 1485 1235 Rei
1529 1193 1731 1235 Publicae

233 1275 395 1316 servire
437 1275 611 1328 egregie
652 1275 792 1328 possit
832 1298 889 1304 ——
931 1274 1064 1315 etiam
1101 1273 1183 1314 sub
1215 1273 1460 1327 principatu
1492 1296 1550 1301 —
1582 1277 1730 1312 tamen

234 1353 276 1394 in
319 1354 369 1394 iis
410 1366 497 1393 non
539 1353 726 1403 unicam,
772 1366 858 1394 non
901 1353 1123 1406 propriam
1166 1365 1289 1393 suam
1328 1351 1499 1406 quaerit
1529 1349 1728 1404 gloriam.

234 1429 360 1484 Quae
403 1444 548 1485 porro,
584 1431 755 1472 etiamsi
787 1444 813 1471 a
852 1430 1015 1484 populo
1048 1443 1135 1470 non
1167 1429 1418 1483 agnoscitur
1452 1427 1730 1468 nihilominus

233 1509 503 1550 intaminatis
536 1508 784 1562 splendebit
816 1522 988 1562 semper
1020 1507 1272 1556 honoribus,
1302 1520 1353 1548 ac
1379 1530 1438 1536 —
1465 1519 1565 1546 nam
1583 1505 1731 1546 simili-

233 1587 384 1628 tudine
415 1586 486 1627 hic
518 1587 654 1628 utitur
686 1592 818 1640 poeta
843 1610 901 1616 —
927 1585 1300 1641 quemadmodum
1328 1584 1479 1625 consul
1506 1583 1731 1625 lictoribus

233 1664 542 1718 praeeuntibus
579 1664 782 1704 omnibus
815 1663 981 1704 civibus
1014 1663 1056 1703 in
1090 1662 1301 1703 altissimo
1334 1661 1558 1715 dignitatis
1589 1659 1730 1715 gradu

233 1741 472 1783 collocatus
513 1748 711 1796 apparet,
754 1742 814 1782 ita
847 1754 952 1781 vera
982 1741 1119 1781 virtus
1151 1753 1324 1793 semper
1356 1752 1408 1780 ac
1439 1751 1526 1779 non
1558 1744 1729 1779 tantum

233 1833 312 1873 per
345 1833 479 1860 unum
512 1832 674 1860 annum

663 1912 904 1958 »Consulque
930 1923 1004 1946 non
1030 1912 1141 1946 unius
1166 1911 1278 1946 anni''

232 1998 335 2039 viris
367 1998 555 2052 egregiis
586 2004 737 2039 notam
770 1997 1008 2039 nobilitatis
1040 1997 1164 2052 quasi
1198 1995 1351 2050 infigit,
1385 2002 1432 2038 ut
1463 1995 1618 2036 saltem
1651 2008 1730 2049 op-

233 2076 341 2116 timo
358 2076 515 2131 cuique
532 2089 637 2130 prae
661 2076 816 2117 ceteris
841 2074 1054 2116 excellere
1073 2075 1284 2127 videatur,
1302 2087 1476 2128 semper
1493 2079 1537 2114 et
1554 2073 1728 2128 ubique.

665 2192 754 2216 »nec
779 2181 892 2216 sumit
918 2187 984 2216 aut
1009 2181 1113 2227 ponit
1139 2191 1287 2215 secures

661 2241 817 2276 arbitrio
843 2241 1037 2287 popularis
1060 2241 1210 2275 aurae.”

296 2345 516 2387 Sentimus
561 2345 795 2385 Horatium
841 2344 882 2384 in
925 2344 993 2385 his
1025 2344 1222 2384 versibus
1253 2349 1297 2384 et
1329 2343 1371 2384 in
1403 2343 1586 2396 stropha
1617 2356 1730 2398 quae

233 2423 429 2477 sequitur
456 2422 689 2476 grandiore
713 2422 890 2475 paulum
908 2435 1067 2474 genere
1085 2421 1256 2461 dicendi
1274 2434 1368 2461 esse
1386 2434 1524 2471 usum,
1542 2421 1730 2475 ideoque

234 2500 368 2554 ipsius
409 2500 623 2541 rationem
666 2499 851 2548 dicendi,
887 2498 1143 2553 singulaque
1174 2498 1310 2539 verba
1341 2511 1428 2538 non
1461 2498 1603 2538 minus
1635 2498 1730 2538 dili-

233 2583 386 2630 genter
403 2590 497 2617 esse
514 2576 830 2629 investiganda.
851 2575 896 2617 Si
915 2589 1120 2631 unquam,
1134 2575 1203 2616 hic
1215 2582 1281 2616 est
1292 2575 1729 2616 animadvertendum

234 2655 326 2695 eius
352 2655 580 2696 consilium
607 2668 694 2695 non
723 2655 867 2707 fuisse,
898 2660 944 2696 ut
972 2653 1204 2707 philologis
1223 2653 1484 2694 doctissimis
1503 2654 1729 2694 materiem

287 2785 320 2828 1)
345 2784 444 2819 Illud
473 2784 659 2829 »fugiente
693 2785 839 2831 penna”
867 2784 979 2818 simul
1003 2795 1047 2818 ac
1073 2783 1301 2818 tribueretur
1325 2783 1438 2818 alicui
1463 2782 1605 2818 homini
1631 2782 1730 2828 quis-

234 2844 318 2890 quis
344 2850 411 2888 est,
437 2844 582 2890 aliquid
607 2844 724 2879 habet
749 2844 851 2890 quod
880 2844 995 2879 risum
1023 2850 1160 2878 movet.
