1955 3157
918 237 969 268 10

190 356 305 396 enim
332 355 375 395 in
404 355 566 397 Sancta
593 369 768 410 quoque
796 355 1045 410 Scriptura:
1074 356 1325 406 „Statutum
1351 362 1417 398 est
1434 357 1682 399 hominibus

189 432 324 473 semel
357 433 496 473 mori’'
517 434 563 486 1).

250 510 325 550 Ex
362 510 410 550 iis
444 524 556 563 quae
589 510 681 550 dixi
714 510 938 559 hactenus,
974 511 1091 560 satis,
1126 517 1246 564 put0,
1279 517 1477 565 apparet,
1510 525 1597 565 qua
1627 512 1682 553 de

190 601 321 628 causa
352 587 729 640 comparationem
767 587 1127 640 gradationemve
1160 588 1272 628 inter
1304 588 1534 642 imperium
1568 589 1683 630 Iovis

190 671 234 706 et
284 665 513 718 imperium
563 665 833 705 necessitatis
882 664 1145 705 reiciendam
1193 678 1288 705 esse
1334 666 1538 718 opinatus
1585 666 1680 708 sim.

190 742 438 782 Necessitas
470 741 584 781 enim
622 741 843 781 moriendi
872 741 1022 794 utique
1054 741 1097 781 in
1130 741 1279 782 Iovem
1312 755 1398 782 non
1431 742 1560 793 cadit,
1594 756 1682 784 non

189 819 439 860 dominatur
487 819 629 872 igitur,
673 825 720 860 ut
761 819 823 860 ita
858 819 1014 868 dicam,
1049 819 1153 861 Iovi.
1188 818 1313 873 Quae
1344 820 1680 871 argumentatio,

189 897 223 937 si
270 897 338 936 cui
382 896 533 936 debilis
575 896 788 945 videatur,
828 909 903 936 eos
935 897 1008 949 qui
1040 896 1303 937 Mommseni
1336 902 1512 937 tuentur
1544 896 1682 951 expli-

189 974 422 1027 cationem,
456 987 610 1027 rogare
641 972 786 1025 velim,
819 987 954 1026 quare
980 979 1112 1027 poeta
1139 974 1250 1014 adeo
1278 973 1509 1015 obscuram
1538 974 1682 1015 reddi-

189 1051 301 1092 derit
341 1064 465 1091 suam
506 1051 947 1105 argumentationem,
990 1051 1318 1092 intermittendo
1356 1052 1468 1092 inter
1498 1051 1681 1092 alteram

189 1135 233 1170 et
264 1134 465 1182 quartam
493 1127 721 1181 stropham
749 1141 899 1168 versus
927 1127 1109 1182 aliquos,
1137 1129 1223 1181 qui,
1244 1128 1361 1182 quod
1379 1128 1435 1169 ad
1453 1129 1679 1179 rationem,

189 1212 279 1247 tam
321 1206 422 1246 laxe
468 1219 567 1246 cum
600 1211 811 1247 contextu
845 1205 1097 1259 cohaerent,
1131 1212 1178 1247 ut
1209 1205 1447 1259 prudenter
1477 1219 1562 1247 non
1597 1206 1682 1247 hoc

189 1283 285 1324 loco
312 1283 389 1324 sed
416 1283 516 1324 alibi
544 1284 845 1324 Mommsenus
868 1297 942 1324 eos
960 1283 1270 1338 explicaverit!
1290 1283 1406 1325 Sane
1422 1284 1456 1324 si
1477 1282 1681 1333 „Clarum

189 1360 410 1414 Giganteo
441 1359 695 1414 triumpho''
729 1366 905 1401 cantare
937 1361 1144 1402 voluisset
1176 1361 1219 1401 in
1250 1361 1433 1415 stropha
1465 1361 1603 1402 altera
1637 1367 1682 1402 et

189 1444 357 1490 quarta,
377 1438 530 1478 melius
547 1437 677 1478 credo
695 1437 738 1478 in
756 1439 886 1479 tertia
898 1437 952 1478 de
966 1438 1182 1487 „arbustis
1194 1437 1436 1492 sulcisque''
1452 1437 1678 1479 tacuisset!

248 1515 335 1556 Hic
366 1521 433 1556 est
464 1516 579 1556 enim
612 1529 815 1556 versuum
848 1529 1007 1556 nexus:

520 1627 667 1670 Regum
693 1626 947 1661 timendorum
972 1627 1010 1660 in
1036 1626 1207 1672 proprios
1232 1637 1376 1671 greges5

521 1687 643 1730 Reges
669 1686 706 1720 in
733 1686 832 1731 ipsos
858 1686 1057 1731 imperium
1084 1692 1140 1720 est
1166 1686 1277 1727 Iovis,

567 1745 669 1779 Clari
696 1745 882 1789 Giganteo
908 1745 1111 1790 triumpho,

615 1805 762 1839 Cuncta
786 1804 985 1849 supercilio
1011 1804 1209 1839 moventis.

520 1901 588 1934 Est
613 1905 652 1933 ut
680 1899 759 1933 viro
786 1899 843 1933 vir
869 1899 980 1933 latius
1006 1899 1152 1933 ordinet

518 1958 685 1993 Arbusta
709 1959 833 2003 sulcis,
859 1959 919 1993 hic
945 1959 1158 2002 generosior

566 2018 780 2052 Descendat
803 2019 842 2052 in
867 2019 1054 2063 Campum
1080 2018 1227 2063 petitor,

614 2077 783 2111 Moribus
807 2078 868 2111 hic
895 2078 1100 2123 meliorque
1126 2077 1228 2111 sama

520 2172 743 2216 Contendat,
770 2173 824 2207 illi
850 2173 961 2206 turba
987 2172 1179 2207 clientium

520 2232 574 2266 Sit
599 2232 737 2266 maior:
763 2243 885 2276 aequa
910 2232 992 2276 lege
1017 2231 1218 2266 necessitas

566 2291 726 2325 Sortitur
749 2291 913 2334 insignes
938 2296 973 2325 et
999 2291 1105 2331 imos,

614 2351 735 2385 Omne
761 2362 880 2396 capax
904 2356 1031 2384 movet
1057 2361 1151 2384 urna
1176 2361 1323 2384 nomen.

247 2453 492 2493 Incredibili
535 2466 638 2493 sane
681 2453 814 2493 modo
850 2466 908 2492 ex
939 2452 1170 2501 altissimis,
1205 2458 1252 2492 ut
1284 2452 1344 2492 ita
1375 2451 1532 2504 dicam,
1565 2452 1676 2506 regi-

188 2529 344 2569 onibus
386 2530 428 2570 in
471 2529 695 2583 planitiem
728 2529 984 2579 desiluisset,
1019 2535 1065 2570 ut
1096 2529 1245 2570 statim
1277 2527 1433 2568 deinde
1466 2529 1507 2568 in
1539 2528 1674 2569 altum

188 2606 331 2646 denuo
373 2620 419 2646 se
461 2606 644 2649 tolleret.
688 2606 874 2660 Qualem
916 2607 1276 2647 exercitationem
1314 2611 1488 2646 nostrae
1519 2605 1676 2646 aetatis

188 2696 388 2723 sermone
410 2683 552 2736 lepide
568 2684 710 2724 dicas:
733 2698 815 2732 „un
833 2684 910 2736 Jeu
929 2683 983 2724 de
1000 2684 1241 2736 Montagne
1259 2682 1398 2723 Russe
1416 2682 1620 2736 poetique
1634 2681 1673 2722 !’'

241 2842 273 2884 1)
298 2841 495 2875 ἀπόκειται
522 2845 598 2882 τοῖς
622 2841 847 2886 ἀνθρώποις
872 2841 976 2884 ἅπαξ
1001 2840 1227 2875 ἀποθανεῖν.
1255 2839 1370 2874 Hebr.
1397 2839 1461 2873 IX.
1487 2847 1544 2882 27.
