1955 3157
924 244 1000 287 115

207 364 336 406 Wort
369 372 533 407 mu'sste
565 365 880 406 verstimmend
912 365 1089 414 wirken‚
1123 365 1212 405 und
1245 365 1314 405 die
1345 365 1623 419 Erinnerung
1650 379 1704 406 an

199 441 301 495 jene
344 442 710 484 Vorkommnisse
751 442 1015 495 wachrufen,
1058 441 1129 482 die
1172 443 1215 482 in
1259 442 1493 483 schroffem
1532 442 1706 497 Gegen-

205 526 324 561 satze
355 534 406 560 zu
439 519 540 560 dem
574 520 762 574 Begriffe
794 520 871 561 der
904 519 1148 561 Clementia
1178 520 1382 561 standen.

264 597 508 647 Miraberis,
544 597 768 651 quomodo
795 598 954 639 saltum
981 597 1098 638 hunc
1114 596 1290 638 letalem
1307 597 1539 650 perfecerit
1559 604 1703 652 poeta.

206 675 298 715 Iam
340 675 532 727 attende,
575 674 790 730 simulque
823 675 1003 716 adverte
1034 674 1140 715 mihi
1174 688 1403 728 quousque
1436 674 1478 715 in
1511 674 1579 715 his
1610 675 1706 715 odis

205 753 476 806 explicandis
520 753 792 806 prodiderint
823 752 1016 793 nonnulli
1048 753 1129 793 viri
1162 752 1281 793 docti
1314 752 1432 793 illam
1465 752 1705 793 admodum

203 830 428 872 laudatam
462 830 952 884 „voraussetzungslose
983 829 1348 871 Wissenschaft''.
1385 829 1568 879 „Dieser
1597 830 1706 870 For-

204 908 373 960 derung
405 907 482 948 des
515 907 682 949 Taktes
714 908 862 949 wurde
889 908 1036 948 Horaz
1063 906 1407 962 gerechtindem
1424 921 1472 947 er
1488 920 1575 947 von
1592 907 1705 948 allen

204 984 519 1039 Ausserungen
561 985 639 1026 der
671 985 806 1026 Milde
839 999 918 1026 nur
951 985 1046 1025 eine
1077 985 1244 1039 ez'nzzge
1261 984 1293 1038 1)
1325 985 1592 1038 herausgriff
1616 985 1704 1025 und

203 1062 450 1103 erwahnte:
501 1062 602 1116 jene
659 1062 937 1116 Ansiedlung
993 1062 1071 1103 der
1125 1062 1377 1103 Veteranen
1397 1093 1524 1102 .....
1573 1061 1705 1102 Diese

205 1139 552 1193 Beschrankung
598 1146 791 1194 genugte
838 1140 986 1180 Horaz
1029 1139 1144 1180 noch
1188 1139 1336 1189 nicht3
1378 1153 1425 1180 er
1458 1140 1560 1180 wies
1592 1139 1704 1180 auch

203 1219 367 1259 diesem
400 1218 522 1258 nicht
555 1217 624 1258 die
657 1231 794 1271 ganze
827 1217 937 1267 Ode,
971 1217 1161 1258 sondern
1195 1231 1276 1258 nur
1309 1217 1379 1258 die
1410 1223 1522 1257 erste
1546 1217 1706 1270 Hc'z'lste

202 1310 267 1346 zu,
312 1295 401 1336 und
437 1295 573 1336 selbst
605 1296 647 1336 in
680 1296 822 1336 dieser
854 1296 954 1336 liess
987 1309 1033 1336 er
1065 1295 1138 1335 ihn
1171 1294 1407 1336 ausserlich
1442 1308 1491 1335 so
1522 1294 1705 1335 zurtick-

201 1379 358 1424 treten,
393 1373 493 1414 dass
525 1387 612 1414 von
645 1387 758 1413 neun
788 1373 1008 1427 Strophen
1037 1372 1122 1413 den
1140 1373 1311 1413 Thema
1328 1385 1409 1412 nur
1427 1372 1523 1412 eine
1538 1371 1705 1425 ez'nzzjge

202 1451 438 1505 gewidmet
472 1450 648 1492 wurde'’
670 1450 731 1505 (Ξ).

264 1529 414 1571 Recte.
441 1529 608 1569 Verum
627 1528 830 1582 equidem
850 1527 1003 1568 eadem
1022 1527 1190 1568 ratione
1208 1526 1450 1579 eademque
1467 1525 1704 1579 probabili-

201 1612 294 1648 tate
324 1619 423 1647 eum
451 1607 712 1660 scriptorem
739 1612 1018 1646 ostensurum
1045 1604 1177 1646 credo
1195 1604 1457 1645 sententiam
1474 1617 1613 1655 suam,
1631 1604 1704 1657 qui

202 1684 465 1725 contendat:
499 1684 732 1737 praecipue
765 1684 837 1737 agi
866 1684 909 1723 in
936 1683 1020 1723 hoc
1038 1688 1243 1736 poemate
1260 1681 1316 1722 de
1335 1680 1472 1721 Pullia
1490 1680 1639 1722 altrice
1657 1678 1702 1732 2>.

262 1761 350 1803 Sed
383 1762 495 1802 seria
526 1761 663 1802 serio!
699 1760 744 1802 Si
774 1761 1009 1814 aspicimus
1037 1760 1179 1813 ipsum
1207 1773 1383 1800 carmen
1402 1760 1489 1799 iam
1507 1759 1704 1799 videmus

201 1853 303 1880 eum
322 1839 421 1880 inde
440 1853 464 1879 a
482 1852 609 1879 versu
630 1850 679 1878 21
703 1838 758 1879 ad
778 1837 995 1878 Camenas
1012 1851 1058 1878 se
1075 1842 1331 1877 convertere
1350 1849 1458 1877 voce
1473 1870 1494 1885 „
1516 1835 1703 1877 Vester''.

490 1959 507 1977 »
523 1945 649 1979 Vester
674 1944 864 1979 Camenae
890 1947 1013 1978 vester
1040 1942 1077 1976 in
1103 1942 1242 1976 arduos
1267 1948 1336 1978 ete.
1363 1943 1415 1986 (4)

263 2043 322 2083 Et
353 2041 549 2096 stropha,
583 2055 696 2096 quae
728 2041 923 2094 sequitur
955 2039 1100 2080 denuo
1134 2039 1309 2093 incipit:

537 2155 554 2174 »
570 2141 711 2175 Vestris
736 2140 901 2174 amicum
928 2138 1096 2173 fontibus
1121 2143 1157 2173 et
1183 2138 1308 2172 choris

249 2203 369 2236 Versa
395 2211 451 2245 30.
582 2201 797 2245 Utcumque
823 2209 973 2233 mecum
1000 2209 1066 2233 vos
1091 2198 1227 2232 eritis''.

254 2322 287 2364 1)
311 2320 439 2354 Verba
464 2319 653 2365 quaedam
680 2318 813 2353 litteris
839 2317 1027 2352 inclinatis
1053 2317 1306 2363 imprimenda
1331 2328 1400 2361 ego
1425 2317 1567 2351 curavi.

250 2382 286 2423 2)
312 2378 369 2414 Cf.
396 2391 432 2414 v.
463 2389 516 2413 10.
543 2399 587 2403 --
614 2378 809 2424 Siquidem
831 2377 878 2412 de
901 2377 1032 2411 altrice
1054 2377 1221 2422 quadam
1243 2377 1304 2410 hic
1319 2387 1441 2411 sermo
1455 2378 1528 2411 est!
1543 2376 1704 2411 Vexavit

202 2439 430 2484 vexabitque
468 2449 536 2473 nos
575 2448 707 2472 versus
740 2437 812 2471 ille.
850 2437 973 2471 Huius
1006 2436 1160 2482 quidem
1194 2436 1266 2470 loci
1292 2447 1368 2470 non
1394 2446 1474 2470 esse
1499 2442 1632 2481 reputo
1656 2436 1704 2470 de

202 2498 273 2532 hac
311 2509 350 2532 re
387 2497 593 2543 disputare.
628 2517 672 2521 *—
707 2496 765 2531 Cf.
799 2496 1139 2540 Wagenvoortium
1167 2495 1216 2530 l.l.
1244 2505 1328 2540 pag.
1359 2504 1436 2530 100.
1461 2515 1508 2520 —
1532 2495 1704 2529 Laudare

201 2563 329 2592 tamen
366 2557 472 2591 lubet
511 2567 611 2602 quae
649 2566 768 2601 nuper
804 2555 1035 2601 lepidissime
1073 2554 1306 2599 Garnseyus:
1349 2555 1386 2588 »Ι
1421 2565 1492 2589 can
1525 2566 1574 2589 no
1600 2566 1704 2589 more

201 2627 313 2661 agree
349 2616 439 2651 with
477 2616 542 2650 the
580 2615 760 2650 scholiast
797 2614 880 2649 that
920 2615 1067 2649 Horace
1100 2614 1225 2649 would
1258 2615 1358 2649 have
1383 2614 1551 2659 dragged
1577 2614 1614 2648 in
1639 2614 1703 2649 the

202 2686 314 2710 name
350 2675 394 2710 of
426 2676 485 2710 his
523 2686 635 2710 nurse
675 2674 839 2709 ›Pullie”
873 2674 976 2718 here,
1008 2674 1100 2709 than
1128 2675 1142 2708 I
1169 2674 1281 2708 could
1307 2674 1416 2709 think
1441 2674 1524 2708 that
1550 2674 1704 2708 Words-

202 2736 321 2770 worth
347 2735 471 2770 would
498 2736 578 2770 talk
604 2735 647 2770 of
668 2735 727 2770 his
753 2746 864 2769 nurse
893 2734 1046 2779 >Polly’'
1071 2735 1110 2768 in
1135 2734 1200 2768 the
1221 2734 1302 2769 Ode
1324 2745 1373 2768 on
1387 2734 1450 2768 the
1467 2733 1703 2768 Intimations

202 2795 245 2830 of
273 2796 559 2840 Immortality.’'
587 2795 697 2839 Quod
724 2794 772 2829 ad
798 2794 998 2829 lectionem
1027 2794 1232 2839 »Apuliae''
1260 2793 1407 2837 attinet,
1433 2803 1480 2828 en
1506 2793 1576 2827 viri
1602 2793 1703 2827 docti

202 2855 445 2890 sententiam:
473 2860 593 2889 »must
622 2854 668 2888 be
694 2853 874 2899 reJected;
901 2853 929 2888 it
954 2853 1044 2888 does
1070 2859 1135 2888 not
1162 2854 1289 2895 scan”‚
1314 2853 1365 2888 l.l.
1390 2863 1476 2898 pag.
1503 2862 1583 2895 227.
