1955 3157
409 1078 451 1102 10

413 1409 451 1445 15

412 1743 458 1767 20

413 2108 456 2145 25

416 2441 462 2475 30

419 2771 461 2806 35

953 226 979 257 2

776 356 1068 413 CARMEN
1107 356 1138 407 1.

542 464 616 498 Odi
640 463 844 509 profanum
870 463 1005 507 volgus
1030 471 1066 496 et
1092 472 1212 495 arceo.

542 525 684 558 Favete
709 523 866 567 linguis:
891 522 1061 556 carmina
1085 532 1161 554 non
1186 519 1290 565 prius

589 582 730 618 Audita
756 583 952 616 Musarum
978 579 1152 615 sacerdos

639 641 858 686 Virginibus
883 640 1083 686 puerisque
1109 645 1233 674 canto.

545 738 692 781 Regum
719 735 972 770 timendorum
999 734 1036 768 in
1061 733 1232 779 proprios
1257 743 1403 777 greges,

546 797 668 840 Reges
694 795 732 830 in
757 795 858 840 ipsos
884 794 1086 840 imperium
1112 799 1167 827 est
1192 793 1305 834 Iovis,

595 855 697 890 Clari
723 854 909 898 Giganteo
935 852 1142 898 triumpho,

639 915 787 948 Cuncta
811 913 1010 959 supercilio
1035 911 1234 946 moventis.

546 1009 614 1043 Est
639 1014 679 1042 ut
706 1008 786 1042 viro
813 1008 869 1042 vir
894 1007 1006 1041 latius
1033 1006 1180 1041 ordinet

547 1068 714 1103 Arbusta
741 1067 866 1109 sulcis,
891 1066 953 1100 hic
979 1065 1194 1110 generosior

595 1126 810 1162 Descendat
834 1126 872 1160 in
901 1126 1088 1171 Campum
1117 1125 1265 1170 petitor,

645 1185 814 1220 Moribus
839 1185 901 1219 hic
927 1185 1133 1230 meiiorque
1158 1186 1259 1218 fama

550 1280 774 1323 Contendat,
801 1280 855 1314 illi
880 1279 992 1314 turba
1017 1279 1210 1313 clientium

552 1341 606 1375 Sit
632 1340 772 1374 maior:
798 1340 931 1385 Aequa
957 1339 1039 1383 lege
1065 1338 1265 1373 necessitas

598 1401 758 1436 Sortitur
783 1400 946 1444 insignes
971 1405 1008 1433 et
1033 1399 1140 1443 imos,

647 1460 769 1494 Omne
794 1470 914 1504 capax
938 1463 1066 1492 movet
1091 1468 1186 1491 urna
1211 1467 1360 1490 nomen.

553 1554 761 1588 Destrictus
787 1553 886 1587 ensis
911 1552 971 1587 cui
996 1562 1108 1598 super
1132 1551 1248 1597 impia

553 1613 708 1647 Cervice
734 1613 884 1658 pendet,
909 1623 984 1646 non
1011 1611 1158 1646 Siculae
1184 1610 1300 1655 dapes

601 1672 760 1707 Dulcem
786 1672 1036 1706 elaborabunt
1062 1681 1248 1716 saporem,

648 1733 734 1766 Non
758 1731 886 1766 avium
912 1731 1153 1775 citharaeque
1179 1735 1311 1764 cantus

552 1827 734 1861 Somnum
760 1826 956 1861 reducent:
985 1836 1138 1860 somnus
1163 1824 1368 1868 agrestium

553 1886 663 1920 Lenis
690 1886 856 1920 virorum
881 1896 957 1919 non
982 1884 1145 1919 humiles
1170 1884 1302 1918 domos

601 1945 761 1979 Fastidit
785 1945 1079 1990 umbrosamque
1105 1944 1238 1989 ripam,

649 2005 735 2038 Non
759 2004 940 2049 Zephyris
964 2004 1106 2047 agitata
1130 2003 1285 2047 Tempe.

555 2100 841 2134 Desiderantem
867 2099 968 2145 quod
993 2098 1084 2134 satis
1109 2104 1164 2132 est
1189 2106 1311 2142 neque

555 2159 848 2193 Tumultuosum
874 2158 1052 2193 sollicitat
1076 2168 1181 2191 mare

602 2219 681 2252 Nec
706 2228 839 2252 saevos
864 2217 1015 2252 Arcturi
1040 2216 1208 2251 cadentis

650 2279 829 2324 Impetus,
854 2283 919 2311 aut
944 2276 1097 2310 orientis
1122 2274 1257 2319 Haedi,

558 2372 642 2405 Non
670 2372 889 2406 verberatae
914 2370 1096 2415 grandine
1123 2370 1254 2404 vineae

556 2431 787 2476 Fundusque
811 2430 986 2472 mendax,
1012 2430 1147 2464 arbore
1172 2439 1271 2463 nunc
1298 2438 1417 2472 aquas

605 2490 803 2535 Culpante‚
828 2501 927 2524 nunc
953 2490 1133 2524 torrentia
1157 2498 1267 2532 agros

653 2549 795 2591 Sidera,
820 2560 920 2583 nunc
946 2549 1088 2582 hiemes
1114 2547 1273 2592 iniquas.

559 2644 762 2678 Contracta
787 2644 907 2689 pisces
933 2653 1097 2688 aequora
1123 2641 1289 2676 sentiunt

560 2703 672 2737 Iactis
696 2703 734 2736 in
759 2703 878 2736 altum
905 2702 1087 2736 molibus:
1114 2701 1188 2734 huc
1213 2700 1389 2744 frequens

607 2762 811 2796 Caementa
836 2761 997 2795 demittit
1023 2760 1236 2805 redemptor

656 2821 752 2855 Cum
778 2820 928 2855 famulis
953 2820 1202 2864 dominusque
1226 2824 1348 2852 terrae
