1955 3157
925 210 1002 253 153

211 330 367 381 derint,
425 331 676 385 religionem
724 332 888 386 peritus
935 330 1206 384 prodiderint
1255 331 1455 385 „nuptias
1502 331 1699 386 inquina-

209 408 392 449 verint'’.
427 408 558 449 Plane
589 409 704 449 enim
736 409 971 450 concinunt
1004 409 1115 449 inter
1145 422 1191 449 se
1223 408 1335 449 duae
1366 408 1599 462 strophae:

541 506 612 540 >Di
638 507 757 540 multa
782 506 941 551 neglecti
966 506 1151 541 dederunt

541 565 747 611 Hesperiae
772 565 873 599 mala
897 565 1089 600 luctuosae

209 620 367 667 atque:

541 672 621 706 Iam
649 672 705 706 bis
731 673 926 707 Monaeses
951 677 1021 707 cet.

539 731 717 766 Fecunda
743 732 876 777 culpae
902 731 1051 766 saecula
1077 731 1228 776 nuptias

539 791 707 824 Primum
734 791 980 836 inquinavere
1007 797 1043 825 et
1069 801 1185 835 genus
1211 796 1246 825 et
1272 790 1416 825 domos.

539 851 621 884 Hoc
648 849 750 884 fonte
776 850 949 884 derivata
974 850 1101 884 clades

542 910 584 943 In
609 910 771 955 patriam
797 910 1053 955 populumque
1079 909 1218 944 fluxit.”

268 1006 537 1059 Excitatque
577 1006 798 1047 auditores
839 1012 886 1047 ut
927 1006 983 1047 ad
1017 1006 1245 1060 pristinam
1278 1006 1459 1047 redeant
1491 1007 1698 1048 virtutem

206 1088 251 1124 et
282 1083 338 1123 ad
371 1083 552 1124 deorum
588 1084 889 1124 reverentiam.
924 1083 1060 1124 Poeta
1088 1084 1218 1137 igitur
1244 1083 1394 1138 procul
1422 1084 1556 1125 dubio
1583 1084 1698 1126 vult:

209 1159 305 1209 „die
338 1160 484 1200 innere
513 1159 879 1214 Umwandlung'’.
909 1160 1271 1202 Gardthausenus
1290 1160 1320 1213 1)
1349 1175 1400 1201 ea
1422 1160 1476 1202 de
1494 1161 1700 1214 Augusto

206 1237 400 1291 principe
447 1244 565 1278 recte
612 1237 824 1291 perhibet,
875 1251 987 1291 quae
1030 1238 1216 1278 Horatio
1258 1252 1434 1292 quoque
1476 1239 1560 1279 hoc
1602 1239 1699 1279 loco

205 1314 488 1355 commodare
525 1315 812 1355 voluerimus:
849 1328 922 1364 „er
954 1315 1033 1355 sah
1064 1315 1108 1355 in
1140 1315 1257 1355 einer
1288 1316 1467 1355 inneren
1501 1315 1700 1356 Wieder-

205 1391 363 1444 geburt
406 1392 483 1431 des
520 1392 768 1432 romischen
801 1392 985 1432 Wesens
1017 1391 1143 1432 allein
1176 1391 1245 1432 die
1278 1393 1458 1446 nothige
1490 1391 1700 1434 Garantie

205 1468 273 1508 fur
305 1469 374 1509 die
407 1468 601 1510 Zukunft
633 1469 721 1510 und
748 1469 818 1510 die
846 1469 1048 1523 Religion
1076 1470 1223 1510 schien
1251 1469 1340 1509 ihm
1358 1469 1436 1510 das
1455 1470 1699 1523 wichtigste

205 1545 347 1587 Mittel
380 1560 430 1587 zu
462 1546 554 1586 sein
587 1546 728 1586 dieses
762 1545 851 1587 Ziel
884 1561 934 1587 zu
968 1545 1233 1587 erreichen.”

265 1623 420 1678 Neque
459 1624 677 1665 immerito
709 1637 807 1664 eum
842 1624 884 1664 id
917 1623 1152 1664 credidisse
1183 1623 1312 1665 docte
1345 1624 1549 1678 exposuit
1582 1624 1695 1665 Kar-

204 1701 369 1742 stenius
386 1701 418 1753 2)
456 1700 661 1754 exempla
693 1700 877 1741 afferens
909 1700 1045 1741 multa
1077 1701 1312 1742 multorum
1345 1701 1608 1755 scriptorum
1641 1715 1698 1742 ex

205 1778 362 1830 quibus
409 1784 621 1832 appareat
667 1777 865 1818 docuisse
908 1778 1112 1832 antiquos
1154 1778 1364 1828 „deorum
1408 1779 1698 1820 reverentiam

203 1855 426 1896 efficacem
460 1869 553 1896 esse
587 1855 643 1895 ad
676 1868 819 1895 mores
852 1855 1108 1908 regendos.''

265 1932 337 1972 Ex
369 1933 465 1985 ipso
492 1931 671 1973 tandem
701 1938 904 1986 poemate
932 1933 1124 1973 maxime
1141 1933 1339 1974 videmus
1356 1947 1526 1974 morum
1544 1933 1699 1987 depra-

204 2009 424 2050 vationem
472 2009 528 2050 ad
575 2008 796 2062 religionis
842 2009 1163 2063 neglegentiam
1208 2009 1422 2051 rettulisse
1464 2010 1696 2051 Horatum.

204 2087 297 2127 Iam
344 2100 449 2127 vero
495 2086 567 2127 ubi
610 2087 664 2127 de
707 2086 787 2127 illis
831 2086 1022 2140 Augusti
1065 2087 1232 2140 legibus
1275 2094 1341 2129 est
1383 2101 1538 2138 sermo,
1573 2102 1697 2142 argu-

204 2170 399 2205 mentum
432 2164 516 2204 dici
548 2163 658 2204 solet
691 2177 747 2204 ex
779 2177 833 2204 eo
865 2165 982 2218 quod
1014 2164 1136 2205 liberi
1168 2165 1254 2206 sint
1286 2165 1558 2218 procreandi,
1585 2166 1698 2206 iusta

204 2241 386 2294 proinde
443 2241 722 2281 matrimonia
778 2241 1089 2282 contrahenda.
1150 2241 1220 2283 Sic
1268 2249 1315 2284 ut
1362 2256 1495 2283 unum
1542 2242 1697 2284 saltem

203 2317 347 2358 locum
380 2318 423 2358 in
452 2318 708 2358 memoriam
736 2331 1002 2367 revocemus,
1032 2318 1124 2371 ipse
1151 2319 1357 2373 Princeps
1374 2319 1490 2373 apud
1508 2320 1696 2360 Dionem

203 2395 371 2449 equites
407 2395 551 2448 legum
584 2408 760 2435 suarum
792 2401 1117 2448 contemptores
1150 2396 1210 2437 ita
1242 2396 1477 2451 alloquitur
1494 2396 1539 2450 3):
1573 2401 1698 2454 ὁρᾶτε

204 2478 284 2528 γὰρ
315 2478 387 2514 καὶ
419 2477 539 2514 αὐτοὶ
571 2476 658 2525 ὅσῳ
690 2475 873 2514 malove
904 2479 986 2514 τῶν
1012 2478 1310 2527 γεγαμηκότων
1337 2477 1438 2515 ἐστέ.
1467 2479 1540 2524 οὓς
1567 2478 1698 2531 ἐχρῆν

204 2551 283 2603 ἤδη
325 2554 554 2591 τοσούτουσ
596 2553 780 2604 ἑτέρουσ,
822 2552 999 2602 μᾶλλον
1040 2552 1106 2592 δεῖ
1134 2553 1503 2592 πολλαπλασίουσ
1534 2553 1698 2593 παῖόασ

255 2667 288 2710 1)
313 2666 362 2703 1.1.
389 2667 418 2709 I,
442 2677 528 2712 pag.
554 2665 635 2700 866.

251 2739 288 2781 2)
313 2737 408 2772 Vide
433 2737 483 2772 l.l.
509 2748 593 2783 pag.
624 2737 688 2780 148
715 2748 797 2783 sqq.

252 2810 288 2853 3)
314 2809 409 2851 LVI,
435 2818 466 2852 7.
