1955 3157
952 203 1002 246 25

224 326 436 367 unitatem
454 324 816 378 qualemcumque
833 324 913 365 nisi
932 324 1250 379 praesumimus
1267 330 1310 365 et
1327 324 1505 364 omnino
1518 329 1718 365 tenemus

223 408 401 456 poetam
444 401 545 442 inde
586 402 643 443 ab
684 402 806 442 initio
847 401 1058 444 virtutem
1100 400 1313 443 latissimo
1355 399 1548 454 quodam
1589 414 1717 440 sensu

224 485 325 521 ante
377 479 526 521 oculos
573 479 790 520 habuisse.
840 479 995 532 Neque
1042 491 1141 519 eum
1187 477 1370 531 singula,
1420 490 1532 531 quae
1578 477 1719 518 missis

224 557 484 609 ambagibus
511 557 669 610 attigit,
698 556 896 610 attigisse
914 555 993 596 nisi
1012 555 1069 595 ob
1088 555 1362 609 propositum
1379 568 1512 608 supra
1529 555 1717 595 dictum:

224 640 272 675 ut
309 633 548 675 celebraret
579 647 676 674 eam
710 634 842 674 animi
874 633 976 683 vim,
1011 647 1068 673 ex
1100 646 1187 686 qua
1218 639 1425 673 emanant
1454 631 1527 673 illa
1558 631 1718 682 omnia,

224 724 336 764 quae
392 711 472 752 viri
529 711 719 751 Romani
776 711 820 751 in
876 710 1042 751 civibus
1099 710 1180 750 Rei
1239 708 1441 750 Publicae
1493 709 1721 750 Romanae

223 788 462 842 antiquitus
489 794 633 829 essent
660 788 887 829 admirati:
911 786 1137 840 fortitudo,
1155 787 1505 840 magnanimitas,
1525 799 1722 826 summus

223 879 348 907 amor
395 866 575 919 patriae,
618 879 812 906 summus
855 871 1134 918 contemptus
1177 863 1326 905 vilium
1359 877 1517 914 rerum,
1550 877 1722 904 summa

224 942 411 996 denique
445 942 627 983 deorum
661 943 917 984 reverentia.

284 1019 499 1060 Nolumus
532 1020 664 1073 igitur
690 1019 925 1060 inscribere
952 1019 1134 1060 alteram
1162 1019 1293 1059 odam
1321 1032 1420 1059 cum
1439 1019 1488 1059 L.
1509 1018 1721 1072 Poeppel-

225 1097 402 1138 mannio
421 1097 477 1150 2);
512 1097 632 1146 „seid
665 1096 821 1150 tapfer‚
855 1097 978 1138 eitler
1009 1096 1234 1138 Ehrsucht
1260 1095 1352 1146 bar,
1381 1096 1519 1150 pflegt
1536 1096 1722 1137 fromrne

226 1173 388 1227 Treu''‚
436 1174 538 1228 quia
584 1173 681 1216 talis
729 1174 955 1228 inscriptio
1002 1179 1173 1227 partem
1217 1178 1403 1223 tantum,
1447 1179 1492 1214 et
1524 1187 1576 1214 ne
1609 1173 1722 1214 hanc

225 1251 402 1305 quidem
431 1257 548 1292 recte
576 1265 752 1305 prorsus
782 1251 957 1292 indicat.
976 1250 1191 1292 Nolumus
1209 1264 1306 1291 cum
1327 1251 1371 1293 P.
1392 1250 1672 1292 Doerwaldio
1691 1250 1722 1304 1)

225 1328 338 1369 hanc
385 1328 589 1369 carminis
636 1329 839 1370 arbitrari
887 1341 1129 1369 summam:
1181 1328 1266 1377 „im
1309 1329 1490 1370 zweiten
1533 1327 1723 1369 Gedicht

224 1405 343 1447 steht
384 1405 462 1446 der
504 1406 547 1446 in
589 1405 851 1459 freiwilliger
883 1405 1047 1446 Armut
1079 1405 1167 1446 und
1201 1405 1373 1446 hartem
1407 1405 1723 1458 Kriegerleben

225 1496 366 1538 gegen
398 1483 484 1524 den
516 1483 798 1524 Reichsfeind
831 1483 1097 1537 kampfende
1128 1483 1334 1536 Jungling
1365 1483 1467 1523 dem
1494 1482 1723 1536 unkriege-

226 1561 410 1614 rischen,
452 1561 512 1601 im
556 1560 859 1602 Genuszleben
898 1560 1190 1613 erschlafsten,
1223 1560 1322 1601 dem
1356 1574 1429 1600 um
1462 1560 1532 1600 die
1564 1559 1724 1600 Volks-

225 1644 359 1692 gunst
404 1638 654 1679 buhlenden
702 1638 877 1688 Manne,
928 1637 1005 1678 der
1052 1638 1122 1678 die
1165 1637 1543 1679 Unsterblichkeit
1586 1636 1723 1678 durch

227 1715 374 1757 wahre
407 1715 645 1757 Verdienst
676 1716 914 1768 suchende,
947 1713 1241 1769 gegenuber.”

287 1792 375 1835 Sed
421 1793 557 1834 verbo
604 1793 762 1846 dicam,
806 1806 859 1833 ne
890 1799 958 1834 tot
991 1793 1247 1847 opinionum
1281 1792 1459 1834 taedeat
1490 1791 1723 1833 lectorem:

228 1870 428 1912 nolumus
475 1870 698 1924 tripartito
745 1870 954 1920 dividere,
1003 1870 1220 1911 dissecare
1268 1883 1444 1910 carmen
1491 1869 1577 1910 hoc
1623 1883 1724 1909 vere

228 1962 376 2001 unum,
423 1961 504 1989 nec
550 1962 751 2002 premere
799 1948 1038 2001 quidquam
1082 1947 1163 1988 nisi
1206 1947 1348 2001 ipsam
1390 1946 1612 2001 virtutem,
1656 1946 1725 1987 vel

228 2032 375 2067 cetera
407 2031 622 2079 quatenus
655 2026 827 2067 virtutis
860 2026 986 2079 signa
1018 2031 1151 2078 atque
1184 2024 1342 2065 indicia
1374 2030 1488 2067 sunt.

289 2103 380 2143 Iam
427 2127 484 2132 -—
527 2108 574 2144 ut
616 2102 855 2144 admodum
899 2102 1076 2156 quidem
1120 2102 1347 2155 ‘prosaice'
1377 2101 1454 2142 sed
1487 2101 1724 2151 verissime,

228 2180 272 2220 ni
304 2179 442 2233 fallor⁷
477 2193 567 2221 rem
596 2179 868 2220 declaremus
896 2203 951 2209 ——
980 2185 1157 2233 poetam
1186 2178 1242 2219 ad
1272 2178 1402 2220 finem
1430 2179 1541 2219 odae
1559 2179 1727 2233 primae

229 2263 464 2312 postquam
508 2257 720 2311 pervenit,
763 2257 850 2297 iam
895 2263 1093 2297 acturum
1137 2256 1191 2296 de
1234 2256 1393 2298 virtute
1425 2262 1470 2297 et
1515 2262 1725 2308 tanquam

229 2335 504 2376 dubitantem
547 2335 662 2375 unde
705 2335 926 2388 inciperet,
970 2335 1027 2374 ab
1065 2334 1155 2374 his:
1191 2334 1392 2383 „divitias
1424 2333 1725 2387 operosiores’'

230 2411 461 2453 exordium
509 2412 727 2452 secundae
769 2411 882 2452 odae
923 2411 1160 2465 sumpsisse
1192 2410 1337 2451 credo.
1372 2410 1431 2452 Et
1463 2411 1524 2452 ita
1555 2411 1727 2452 virtutis

230 2488 404 2530 laudem
438 2489 661 2530 incohavit
694 2495 740 2530 ut
772 2494 1037 2543 proponeret
1070 2489 1215 2542 pueris
1246 2488 1333 2529 suis
1362 2501 1511 2529 verum
1545 2488 1725 2529 militem

231 2580 282 2607 ac
343 2566 516 2616 fortem,
582 2580 712 2620 quem
776 2565 872 2620 quis
928 2566 1091 2606 versari
1149 2566 1191 2606 in
1248 2566 1402 2606 mediis
1459 2566 1620 2607 divitiis
1676 2579 1727 2606 ac

283 2732 316 2775 1)
342 2732 588 2776 Programma
615 2731 752 2776 Gymn.
779 2742 821 2765 zu
846 2731 954 2766 Trier
983 2730 1083 2776 1892.

281 2809 318 2852 2)
342 2808 585 2854 Lehrproben
615 2808 692 2842 und
718 2808 938 2853 Lehrgange
968 2816 1070 2853 1905,
1096 2809 1148 2842 III
1176 2807 1277 2842 Heft.
