1955 3157
955 274 1009 313 62

302 403 393 443 Iam
436 402 520 443 alia
561 401 796 456 explicatio
839 402 1142 456 investiganda
1184 408 1262 443 est.
1303 402 1437 443 Suam
1470 403 1737 457 lepidissime

243 479 424 534 protulit
466 479 740 521 doctissimus
783 480 848 520 vir
890 479 1076 520 Iurenka
1093 480 1138 529 1).
1183 479 1280 533 Ipse
1321 493 1500 533 prorsus
1538 481 1740 534 ignorare

244 570 290 597 se
331 556 457 610 fingit
498 557 640 598 varias
681 557 919 597 sententias
959 562 1088 597 antea
1121 557 1279 597 acriter
1311 557 1397 597 iam
1429 557 1632 598 defensas
1664 565 1741 600 aut

245 634 537 687 impugnatas,
570 640 702 689 atque
735 633 793 674 nil
821 633 1047 674 dubitans:
1079 632 1189 682 „Mit
1218 632 1384 674 klarem
1402 633 1655 689 Ausdruck‚
1673 648 1741 676 er-

245 711 414 752 weitert
439 711 657 752 erscheint
685 710 755 750 die
783 710 1225 763 Bedeutungssphare
1242 710 1321 751 der
1339 711 1586 752 romischen
1603 713 1741 753 virtus

245 794 335 829 erst
366 788 446 828 mit
477 802 517 828 v.
552 796 603 839 25
639 787 681 828 ff.
716 786 1149 841 Verschwiegenheit
1182 788 1236 828 ist
1263 788 1359 828 eine
1386 788 1741 843 hervorragende

246 864 432 918 Tugend
465 865 581 904 eines
614 865 678 905 vir
711 865 753 904 in
781 864 1042 904 romischem
1071 863 1216 906 Sinne.
1250 864 1397 906 Horaz
1424 865 1502 907 hat
1519 866 1596 906 das
1615 865 1742 907 fidele

247 941 463 982 silentium
496 948 575 984 sat.
609 942 641 982 I.
670 943 817 992 4-—84
843 941 1090 985 ccommissa
1118 947 1263 982 tacere
1289 943 1364 996 qui
1392 941 1554 997 nequit'
1579 944 1743 984 anders

246 1018 509 1060 verstanden
551 1019 705 1059 wissen
747 1019 902 1059 wollen
945 1019 1009 1059 als
1051 1019 1188 1059 hier.''
1235 1018 1361 1069 Sane,
1406 1021 1512 1074 quid
1544 1020 1627 1061 hoc
1660 1021 1741 1062 sibi

247 1096 361 1146 velit,
406 1101 532 1149 roget
573 1096 664 1136 iure
694 1097 923 1150 quispiam.
957 1095 1113 1136 Melius
1144 1096 1327 1138 fortasse
1359 1096 1531 1138 fecisset
1561 1098 1596 1138 si
1628 1104 1743 1139 attu-

247 1173 367 1213 lisset
403 1173 545 1213 locum
578 1173 650 1213 ubi
683 1173 796 1213 idem
830 1173 1047 1214 silentium
1081 1173 1352 1227 intellegeret
1383 1180 1513 1228 poeta
1530 1175 1575 1229 2),
1610 1175 1744 1225 „aber

249 1264 293 1290 es
327 1251 382 1291 ist
414 1250 503 1290 ihm
536 1249 650 1290 ohne
684 1250 852 1290 weiters
884 1250 962 1291 das
995 1250 1138 1291 Recht
1173 1251 1506 1305 zuzusprechen,
1540 1251 1646 1301 hier,
1676 1265 1743 1293 wo

248 1341 295 1367 er
341 1327 405 1368 als
447 1327 651 1368 sacerdos
693 1327 917 1368 Musarum
959 1328 1141 1380 spricht,
1182 1334 1291 1369 statt
1333 1329 1398 1368 ins
1440 1328 1743 1382 Alltagsleben

249 1404 619 1457 hinabzusteigen,
648 1405 714 1445 ins
741 1404 1394 1458 theologisch-mythologische
1423 1404 1582 1446 Gebiet
1600 1406 1744 1459 (nimis

249 1481 433 1523 fortasse
458 1481 764 1536 grandiloqua)
792 1482 1149 1524 abzuschweifen.
1177 1483 1385 1523 Libenter
1412 1489 1612 1524 extrema
1634 1483 1743 1524 haec

248 1560 501 1610 concedam,
530 1559 770 1600 dummodo
798 1560 1012 1600 concedat
1029 1559 1305 1600 doctissimus
1323 1560 1521 1614 scriptor,
1540 1574 1586 1601 se
1604 1561 1744 1601 maxi-

249 1651 366 1678 mam
409 1637 711 1678 difficultatem
746 1651 831 1677 non
865 1637 1045 1677 solvisse
1077 1637 1152 1677 sed
1186 1638 1424 1690 prudenter
1455 1638 1742 1691 praeteriisse.

250 1715 426 1756 Etenim
459 1715 493 1754 si
524 1714 728 1756 laudatur
760 1715 838 1755 viri
873 1715 1062 1754 Romani
1096 1715 1258 1754 eximia
1290 1714 1472 1756 facultas
1506 1715 1604 1764 „die
1633 1715 1743 1756 Ver-

248 1791 614 1844 schwiegenheit''
674 1791 898 1845 quomodo
945 1805 1108 1845 quaeso
1157 1791 1365 1845 explanat
1412 1793 1626 1845 interpres
1672 1791 1744 1832 hic

250 1882 413 1923 poenas
471 1868 564 1909 illas
622 1868 889 1909 sollemniter
936 1868 1174 1909 admodum
1222 1869 1497 1910 enuntiatas?
1545 1868 1743 1923 Intellegi

250 1945 427 1999 quidem
470 1951 616 1999 potest
657 1969 715 1975 —-
756 1959 1024 2000 quamquam
1068 1959 1093 1986 a
1136 1959 1204 1986 me
1247 1959 1334 1986 non
1376 1945 1501 1987 facile
1542 1970 1600 1976 —-
1631 1945 1744 1987 hanc

250 2035 425 2076 quoque
453 2022 659 2063 virtutem
687 2036 800 2076 quae
829 2022 946 2062 nullo
972 2022 1057 2063 alio
1083 2022 1180 2063 loco
1208 2023 1264 2063 ab
1282 2023 1468 2064 Horatio
1485 2022 1741 2073 celebratur,

250 2099 321 2139 hic
353 2099 483 2140 fuisse
515 2099 802 2140 laudandam:
835 2113 969 2153 quare
996 2106 1143 2140 autem
1172 2106 1317 2141 tantas
1346 2101 1484 2140 minas
1511 2100 1561 2141 iis
1589 2101 1743 2141 minari

251 2175 461 2225 debuerit,
497 2177 569 2230 qui
602 2177 756 2217 eadem
789 2190 875 2216 non
909 2183 1008 2217 sunt
1036 2177 1189 2230 ornati,
1218 2177 1323 2230 quid
1352 2191 1427 2218 eos
1453 2175 1667 2221 ‘scelestos'
1692 2190 1744 2218 ac

251 2251 454 2297 ‘incestos'
485 2254 720 2304 vocaverit,
756 2268 842 2294 non
875 2254 1080 2307 exposuit
1114 2254 1313 2296 Iurenka.

311 2329 397 2371 Sed
429 2331 534 2384 quid
565 2332 733 2372 censuit
766 2330 1032 2372 Corssenus?
1066 2330 1199 2372 Cuius
1231 2331 1467 2385 explicatio
1498 2336 1594 2372 toto
1621 2331 1744 2372 coelo

253 2407 396 2449 differt
438 2408 494 2448 ab
537 2408 587 2448 iis
628 2422 738 2462 quas
778 2408 920 2449 adhuc
953 2408 1153 2448 vidimus.
1186 2408 1311 2448 Artis
1343 2408 1524 2448 vinculis
1555 2408 1744 2449 conectit

253 2491 409 2536 poetae
426 2485 559 2525 verba
575 2498 675 2525 cum
693 2485 889 2526 versibus
906 2485 1108 2538 proxime
1125 2485 1488 2538 praecedentibus
1499 2484 1554 2525 de
1567 2485 1744 2525 immor-

252 2560 432 2601 talitate.
479 2560 631 2610 „Aber
673 2561 751 2602 der
793 2561 985 2602 Himmel
1019 2562 1074 2602 ist
1106 2561 1219 2602 doch
1252 2562 1330 2602 der
1361 2561 1488 2601 Lohn
1521 2561 1631 2602 eben
1664 2574 1744 2602 nur

306 2743 338 2786 1)
362 2742 419 2777 Cf.
446 2742 494 2777 l.l.
522 2753 607 2787 pag.
634 2751 713 2788 295.

302 2820 338 2862 2)
363 2819 426 2853 Uti
452 2825 519 2853 sat.
548 2820 594 2862 ΙΙ,
619 2819 652 2862 6,
681 2820 736 2863 58,
762 2819 825 2853 ubi
850 2820 1013 2865 seipsum
1039 2830 1062 2853 a
1088 2819 1296 2863 Quiritibus
1324 2830 1462 2853 »unum
1488 2818 1626 2863 egregii
1648 2829 1745 2853 mor-

254 2877 367 2911 talem
394 2878 535 2923 altique
561 2878 718 2912 silentii’'
746 2879 873 2913 vocari
900 2889 974 2912 non
1000 2878 1078 2913 sine
1106 2879 1271 2913 vanitate
1297 2878 1478 2913 Horatius
1503 2885 1642 2916 narrat,
