1955 3157
911 214 961 256 31

202 333 494 374 Bewusstsein
526 333 709 374 kommt.
744 332 864 374 Oder
896 333 951 374 ist
982 346 1027 373 es
1061 331 1181 373 nicht
1212 333 1350 373 virtus
1378 346 1501 373 wenn
1529 347 1630 374 man
1648 347 1697 374 so

201 409 380 452 handelt
423 411 503 451 wie
546 424 591 451 es
633 411 711 451 der
753 411 936 452 Dichter
981 410 1035 460 V,
1069 410 1188 461 4—6
1220 410 1400 463 fordert,
1434 411 1541 452 oder
1573 425 1698 452 wenn

201 501 302 528 man
348 488 441 528 sich
488 488 590 529 dem
638 488 763 529 Tode
811 488 900 529 stirs
950 487 1192 529 Vaterland
1241 487 1399 529 weiht?
1447 488 1508 528 Es
1556 489 1612 529 ist
1653 489 1700 542 ja

201 565 430 607 zweifellos
477 566 636 620 richtig
677 579 800 606 wenn
842 565 1037 606 Karsten
1070 565 1250 618 (Mnem.
1287 565 1355 619 26,
1395 565 1490 616 126)
1522 565 1697 615 erklart‚

201 643 303 684 dass
335 643 394 683 im
427 649 570 684 ersten
603 642 699 683 Teil
733 643 810 684 der
842 641 940 684 Ode
972 655 1058 682 von
1091 642 1168 682 der
1202 642 1433 684 Fortitudo
1461 643 1699 695 gehandelt

201 720 285 771 sei;
318 720 424 761 aber
456 734 581 761 wenn
613 720 756 761 dieser
789 719 1022 760 Fortitudo
1055 719 1172 759 dann
1204 719 1263 759 im
1296 719 1476 760 zweiten
1506 719 1601 759 Teil
1629 719 1700 759 die

202 797 353 838 Virtus
385 796 780 851 entgegengestellt
812 797 933 850 wird,
966 809 1016 837 so
1044 796 1161 836 kann
1190 796 1269 836 das
1296 796 1410 836 doch
1438 796 1558 837 nicht
1576 796 1700 838 recht

201 874 494 929 befriedigen;
529 875 644 916 denn
678 888 801 914 wenn
835 873 949 914 ohne
977 872 1348 926 Einschrankung
1376 873 1463 914 und
1491 872 1699 926 Speciali-

201 953 377 1006 sierung
422 966 509 993 von
551 952 703 993 Virtus
746 951 927 1005 geredet
960 950 1066 992 wird
1099 964 1147 991 so
1180 950 1317 1004 pflegt
1349 963 1450 991 man
1483 949 1597 991 doch
1630 951 1700 991 die

202 1029 496 1084 kriegerische
528 1028 715 1083 Tugend
749 1029 828 1070 mit
861 1028 1267 1071 einzuschliessen.'’

261 1107 377 1149 Sane
410 1107 517 1148 mihi
549 1120 725 1162 quoque
757 1107 818 1147 ita
850 1107 989 1147 visum
1023 1112 1089 1147 est
1121 1119 1261 1161 neque
1293 1112 1400 1160 puto
1432 1119 1698 1160 quemquam

202 1198 384 1239 negasse
416 1185 718 1226 fortitudinem
751 1184 793 1225 in
821 1184 982 1225 virtute
1010 1184 1222 1224 contineri
1248 1184 1411 1238 quippe
1439 1184 1560 1224 cuius
1578 1185 1699 1225 notio

201 1261 411 1302 latissime
443 1267 614 1315 pateat;
648 1261 723 1302 sed
752 1262 793 1302 ni
822 1261 946 1302 fallor
972 1261 1080 1302 haec
1107 1261 1285 1316 quidem
1314 1275 1400 1302 non
1417 1269 1698 1316 quaeruntur.

202 1340 379 1381 Etenim
412 1339 667 1393 opinionum
700 1339 931 1380 diversitas
965 1339 1006 1379 in
1039 1339 1124 1379 hoc
1150 1344 1321 1380 tantum
1348 1346 1558 1389 versatur,
1588 1340 1698 1380 sitne

202 1416 406 1457 carminis
427 1423 735 1471 argumentum
754 1416 985 1470 multiplex
1002 1429 1150 1457 necne.
1169 1416 1321 1471 Atque
1339 1423 1550 1471 quantum
1569 1417 1699 1457 video

202 1500 245 1534 et
292 1493 510 1547 intellego,
560 1494 837 1535 doctissimus
886 1494 1145 1535 Karstenius
1189 1507 1465 1548 nequaquam
1505 1494 1702 1548 opposuit

202 1571 502 1613 fortitudinem
530 1572 679 1614 virtuti
709 1571 884 1626 qualem
908 1571 1119 1625 intellegit
1138 1570 1400 1625 Kreppelius
1417 1577 1460 1612 et
1479 1584 1548 1611 me
1565 1570 1699 1613 habet

202 1649 422 1691 comitem.
457 1648 584 1690 Clare
616 1649 731 1689 enim
764 1649 825 1690 sic
857 1648 992 1690 habet
1010 1649 1065 1703 1):

265 1725 495 1780 „Apparet
537 1726 668 1779 igitur
709 1726 840 1766 odam
884 1739 971 1766 non
1013 1739 1039 1766 a
1076 1725 1219 1779 capite
1252 1725 1307 1766 ad
1340 1725 1504 1766 calcem
1538 1726 1581 1766 in
1615 1740 1698 1767 una

200 1803 362 1845 virtute
394 1802 544 1844 bellica
575 1803 736 1843 morari
769 1802 846 1844 sed
878 1816 1015 1857 usque
1048 1802 1104 1843 ad
1136 1816 1198 1843 vs.
1234 1813 1289 1853 24
1314 1802 1562 1843 collaudare
1590 1803 1699 1843 haec

200 1881 308 1922 tria:
352 1881 541 1935 primum
583 1880 890 1921 educationem
931 1893 1009 1934 per
1050 1893 1197 1920 acrem
1240 1880 1438 1921 militiam
1475 1893 1588 1934 quae
1620 1894 1698 1922 sua

202 1963 358 1998 natura
400 1958 442 1998 in
484 1965 671 2011 angusta
714 1964 974 2012 paupertate
1015 1963 1361 2007 versatur....;
1396 1957 1495 1998 dein
1528 1957 1697 1999 fortitu-

201 2034 348 2075 dinem
380 2048 432 2075 ac
463 2036 632 2089 patriae
664 2048 883 2086 amorem;
915 2035 1046 2076 tertio
1079 2035 1176 2075 loco
1208 2035 1415 2076 virtutem
1447 2041 1490 2077 et
1517 2049 1697 2089 magna-

202 2112 492 2154 nimitatem.''

263 2189 462 2231 Adverte
504 2190 590 2231 iam
633 2204 685 2231 ea
726 2203 839 2245 quae
872 2195 1125 2244 sequuntur,
1158 2203 1273 2244 quae
1304 2190 1339 2230 si
1372 2195 1489 2230 recte
1520 2188 1698 2242 legisset

203 2267 468 2321 Kreppelius
501 2267 572 2308 illa
603 2267 830 2309 annotatio
863 2267 918 2308 de
948 2267 1226 2321 oppositione
1258 2267 1301 2307 in
1334 2272 1525 2307 mentem
1553 2267 1592 2307 ei
1611 2279 1697 2307 non

203 2345 414 2387 venisset:
464 2345 616 2396 „Haec
657 2350 805 2386 autem
847 2345 931 2386 tria
971 2345 1082 2384 inter
1124 2357 1170 2385 se
1213 2357 1299 2384 non
1341 2343 1557 2385 disiuncta
1587 2357 1696 2394 esse,

203 2422 280 2463 sed
311 2422 437 2463 simul
470 2422 652 2463 inveniri
684 2435 813 2475 posse
846 2426 891 2463 et
916 2420 1077 2462 debere
1103 2421 1146 2461 in
1174 2421 1291 2462 bono
1308 2421 1406 2474 civi,
1424 2420 1697 2462 demonstrat

203 2499 290 2540 oda
321 2500 377 2540 ad
405 2499 593 2540 Lollium
627 2499 703 2549 IV,
738 2511 778 2552 9,
815 2509 883 2551 34,
917 2498 1042 2553 sqq.''

263 2576 478 2618 Attamen
539 2577 787 2630 argumenti
845 2576 1057 2618 unitatem
1115 2576 1389 2630 impugnavit
1436 2575 1696 2617 Karstenius

204 2668 340 2709 quare
366 2668 392 2695 a
419 2655 658 2709 Kreppelio
684 2654 944 2695 refellendus
970 2654 1157 2695 sortasse
1173 2659 1279 2696 erat.
1299 2653 1549 2695 Dolendum
1566 2653 1698 2707 igitur

257 2821 288 2866 1)
315 2819 372 2855 Cf.
398 2820 447 2856 l.l.
473 2830 558 2866 pag.
588 2829 664 2865 139.
