1955 3157
963 225 1041 269 157

261 347 311 387 iis
367 347 638 401 temporibus
695 354 798 400 opus
843 346 992 399 fuisse
1009 347 1040 399 1)
1098 352 1144 387 ut
1191 347 1425 387 tenerrima
1472 347 1560 387 sere
1608 353 1752 388 aetate

261 424 522 465 docerentur
568 424 690 477 pueri
733 423 1002 478 puellaeque,
1036 423 1140 477 quid
1172 424 1215 463 in
1248 423 1332 464 hac
1365 437 1411 463 re
1441 424 1668 465 vitandum
1702 425 1752 464 iis

261 506 386 542 esset.
431 501 564 543 Teste
606 501 721 542 enim
764 501 921 541 iterum
955 500 1106 541 Cassio
1139 500 1294 550 Dione,
1330 499 1492 541 Caesar
1523 501 1752 554 Augustus

260 578 400 620 edixit
447 592 500 618 ne
547 577 661 619 ultra
702 578 923 618 biennium
967 578 1142 630 nuptiae
1185 577 1462 618 differrentur
1506 584 1605 631 post
1637 578 1753 619 facta

260 655 490 709 sponsalia.
535 655 674 708 Atqui
693 656 724 708 2>
769 657 961 704 ,,ὃώὸεκα
1002 655 1153 709 inquit,
1188 662 1283 696 ταῖσ
1314 660 1466 710 κόραισ
1497 659 1545 696 ἐσ
1576 662 1649 709 τὴν
1680 662 1753 697 τοῦ

261 736 402 786 γάμου
433 738 551 788 ὥραν
581 737 650 787 ἔτη
682 735 825 788 πλήρη
856 731 1104 786 νομίζεται”
1125 732 1171 784 3).
1206 732 1438 773 Praeterea
1466 733 1558 786 ipse
1586 733 1751 773 Rosen-

260 809 435 863 bergius
467 810 658 863 seipsum
687 809 863 850 refellit:
892 810 934 849 in
961 810 1206 864 antiquiore
1233 809 1348 850 enim
1367 811 1750 860 commentatione,

260 900 393 940 quam
426 901 556 940 supra
587 887 673 927 iam
706 886 891 936 laudavi,
925 887 1034 927 haec
1061 886 1217 928 habet:
1247 886 1380 939 „Jene
1408 886 1751 940 Schilderungen

259 964 356 1004 sind
387 964 496 1017 grell
528 988 586 994 —-
618 964 705 1004 und
738 964 799 1004 sie
830 963 985 1004 sollten
1018 977 1062 1004 es
1094 964 1198 1004 sein.
1232 964 1347 1017 Jung
1379 964 1493 1004 Rom
1522 963 1646 1005 sollte
1674 978 1753 1005 vor

259 1041 423 1081 seinem
471 1040 765 1095 Spiegelbilde
806 1041 1096 1082 erschrecken
1139 1040 1227 1082 und
1269 1041 1555 1082 umkehren.''
1601 1041 1753 1095 Atque

259 1116 345 1157 hoc
376 1118 579 1171 primum.

318 1194 520 1236 Alterum
564 1202 630 1237 est
672 1196 791 1250 quod
823 1196 1011 1237 Iurenka
1028 1197 1060 1249 4)
1096 1196 1228 1245 ‚„Erst
1260 1197 1339 1237 mit
1371 1196 1470 1237 dem
1505 1196 1752 1250 sprachlich

259 1272 612 1313 unvermittelten
640 1273 905 1314 Abschnitte
934 1273 1103 1315 kommt
1122 1273 1269 1314 Horaz
1286 1273 1364 1314 auf
1375 1273 1444 1314 die
1462 1273 1751 1315 haszlichsten

259 1347 518 1389 Gebrechen
555 1350 695 1390 seiner
727 1350 822 1391 Zeit
855 1364 906 1390 zu
938 1350 1165 1404 sprechen,
1198 1350 1276 1391 auf
1302 1350 1371 1390 die
1405 1350 1752 1404 Sittenlosigkeit

258 1426 316 1466 im
350 1426 638 1467 Privatleben.
673 1427 787 1467 Dass
819 1427 912 1467 hier
944 1427 1022 1468 der
1055 1427 1305 1469 Satirenton
1334 1427 1647 1481 durchschlagt
1674 1428 1752 1469 hat

258 1502 519 1557 Peerlkamp
566 1517 933 1557 wargenommen.
968 1505 1077 1545 Zum
1111 1504 1323 1545 Satiriker
1355 1504 1514 1558 gehort
1545 1505 1650 1545 aber
1682 1505 1751 1545 ein

257 1580 508 1622 lachelnder
549 1582 711 1632 Mund;
755 1582 833 1622 das
876 1581 1069 1622 Lacheln
1112 1582 1154 1622 in
1196 1581 1307 1622 allen
1346 1581 1489 1623 Arten
1520 1595 1622 1622 vom
1655 1595 1751 1622 ver-

257 1664 453 1712 gnugten
499 1682 555 1688 —
604 1658 1060 1699 insichhineinlacheln
1109 1659 1175 1699 bis
1222 1673 1272 1700 zu
1320 1658 1420 1699 dem
1468 1659 1631 1712 eisigen
1672 1659 1750 1700 der

257 1735 588 1789 Resignation.’'

317 1812 434 1853 Num
467 1826 618 1854 verum
647 1826 810 1866 quaeso
837 1813 941 1853 illud
969 1812 1061 1854 est?
1088 1813 1268 1853 Nonne:
1300 1826 1377 1862 „os
1403 1813 1473 1853 ille
1502 1811 1672 1854 ridens'’
1703 1819 1750 1854 ut

257 1902 335 1929 nos
362 1889 581 1942 loquimur
610 1890 803 1944 „capillis
829 1890 914 1931 huc
932 1896 1169 1931 attractum
1187 1896 1253 1931 est
1267 1889 1309 1929 ?''
1329 1890 1439 1943 Ipsis
1458 1890 1749 1943 Peerlkampii

256 1967 400 2007 verbis
441 1968 529 2008 vim
571 1967 675 2009 facit
715 1968 942 2021 interpres.
987 1967 1163 2009 Etenim
1205 1967 1310 2021 quid
1344 1967 1749 2022 Peerlkampius?5)

259 2043 388 2093 „Non
434 2043 567 2084 credo
614 2044 724 2084 haec
769 2050 859 2085 tam
910 2043 1089 2085 ridicula
1130 2050 1174 2085 et
1215 2044 1434 2084 obscoena
1475 2044 1531 2085 ab
1563 2044 1750 2085 Horatio

257 2134 352 2161 esse
398 2121 542 2175 posita
582 2122 625 2161 in
668 2135 720 2162 eo
761 2120 994 2163 carmine.''
1039 2120 1183 2162 Rez'cz‘t
1213 2121 1344 2174 igitur
1375 2121 1469 2161 illas
1501 2127 1549 2162 ut
1581 2122 1749 2175 spurias

258 2197 475 2252 strophas,
525 2211 633 2251 quas
680 2212 754 2239 ore
802 2198 959 2240 ridenti
1001 2211 1222 2251 exponere
1264 2197 1357 2239 vult
1399 2198 1600 2240 Iurenka.
1634 2199 1748 2240 Tum

308 2377 341 2419 1)
366 2375 559 2421 Igiturque
584 2375 757 2410 decuisse.

304 2460 340 2502 2)
366 2458 415 2493 1.1.
441 2458 537 2500 LIV,
567 2457 619 2492 16.

304 2541 338 2586 3)
367 2541 423 2576 Cf.
449 2541 602 2575 omnino
623 2541 725 2576 locos
746 2552 840 2587 quos
861 2540 1173 2575 Friedlaenderus
1191 2540 1340 2585 collegit
1355 2541 1404 2576 1.1.
1421 2541 1465 2583 1⁵,
1482 2552 1567 2586 pag.
1584 2549 1652 2586 504
1665 2553 1747 2588 sqq.

256 2600 294 2635 in
325 2601 534 2646 appendice
568 2611 600 2645 3.
636 2603 736 2635 »Das
761 2601 1017 2645 gewohnliche
1042 2601 1147 2635 Alter
1172 2600 1239 2634 der
1264 2600 1451 2634 Madchen
1479 2601 1539 2634 bei
1564 2600 1631 2635 der
1657 2601 1749 2635 Ver-

255 2660 399 2705 lobung
425 2660 501 2695 und
528 2660 838 2705 Verheiratung.”

302 2746 340 2788 4)
366 2744 415 2779 l.l.
441 2755 525 2789 pag.
553 2751 752 2788 304—305.

306 2828 340 2871 5)
368 2827 410 2860 In
437 2826 598 2860 editione
623 2826 671 2860 ad
698 2836 812 2860 carm.
839 2826 904 2867 ΙΙΙ,
932 2825 965 2860 6.
