<?xml version="1.0" encoding="UTF-8"?>
<!DOCTYPE html PUBLIC "-//W3C//DTD XHTML 1.0 Transitional//EN"
    "http://www.w3.org/TR/xhtml1/DTD/xhtml1-transitional.dtd">
<html xmlns="http://www.w3.org/1999/xhtml" xml:lang="en" lang="en">
 <head>
  <title>
</title>
<meta http-equiv="Content-Type" content="text/html;charset=utf-8" />
  <meta name='ocr-system' content='tesseract 3.04.00' />
  <meta name='ocr-capabilities' content='ocr_page ocr_carea ocr_par ocr_line ocrx_word'/>
</head>
<body>
  <div class='ocr_page' id='page_1' title='image "./disputatiocritic00slijuoft_0163.png"; bbox 0 0 1955 3157; ppageno 0'>
   <div class='ocr_carea' id='block_1_1' title="bbox 942 201 1016 244">
    <p class='ocr_par' dir='ltr' id='par_1_1' title="bbox 942 201 1016 244">
     <span class='ocr_line' id='line_1_1' title="bbox 942 201 1016 244; baseline 0 -11"><span class='ocrx_word' id='word_1_1' title='bbox 942 201 1016 244; x_wconf 83' lang='lat'>151</span> 
     </span>
    </p>
   </div>
   <div class='ocr_carea' id='block_1_2' title="bbox 220 323 1723 2232">
    <p class='ocr_par' dir='ltr' id='par_1_2' title="bbox 226 323 1719 454">
     <span class='ocr_line' id='line_1_2' title="bbox 226 323 1719 378; baseline 0.002 -14"><span class='ocrx_word' id='word_1_2' title='bbox 226 324 416 364; x_wconf 84' lang='lat' dir='ltr'><strong>diximus</strong></span> <span class='ocrx_word' id='word_1_3' title='bbox 461 337 592 378; x_wconf 89' lang='lat' dir='ltr'>supra</span> <span class='ocrx_word' id='word_1_4' title='bbox 609 324 665 377; x_wconf 83' lang='lat'>1);</span> <span class='ocrx_word' id='word_1_5' title='bbox 713 330 846 378; x_wconf 91' lang='lat' dir='ltr'>atque</span> <span class='ocrx_word' id='word_1_6' title='bbox 892 323 1105 365; x_wconf 88' lang='lat' dir='ltr'>adulteria</span> <span class='ocrx_word' id='word_1_7' title='bbox 1150 330 1394 377; x_wconf 81' lang='lat' dir='ltr'>sequuntur</span> <span class='ocrx_word' id='word_1_8' title='bbox 1440 327 1719 367; x_wconf 90' lang='lat' dir='ltr'>matrimonia</span> 
     </span>
     <span class='ocr_line' id='line_1_3' title="bbox 228 400 585 454; baseline 0.003 -13"><span class='ocrx_word' id='word_1_9' title='bbox 228 414 314 441; x_wconf 89' lang='lat' dir='ltr'>non</span> <span class='ocrx_word' id='word_1_10' title='bbox 338 400 585 454; x_wconf 73' lang='lat' dir='ltr'>prohibent.</span> 
     </span>
    </p>

    <p class='ocr_par' dir='ltr' id='par_1_3' title="bbox 224 478 1723 840">
     <span class='ocr_line' id='line_1_4' title="bbox 285 478 1722 533; baseline 0.003 -15"><span class='ocrx_word' id='word_1_11' title='bbox 285 478 376 518; x_wconf 91' lang='lat' dir='ltr'>Iam</span> <span class='ocrx_word' id='word_1_12' title='bbox 408 479 443 518; x_wconf 90' lang='lat' dir='ltr'>si</span> <span class='ocrx_word' id='word_1_13' title='bbox 476 479 723 531; x_wconf 83' lang='lat' dir='ltr'>quaerimus</span> <span class='ocrx_word' id='word_1_14' title='bbox 755 492 842 532; x_wconf 92' lang='lat' dir='ltr'>qua</span> <span class='ocrx_word' id='word_1_15' title='bbox 874 478 929 519; x_wconf 89' lang='lat' dir='ltr'>de</span> <span class='ocrx_word' id='word_1_16' title='bbox 961 492 1092 519; x_wconf 90' lang='lat' dir='ltr'>causa</span> <span class='ocrx_word' id='word_1_17' title='bbox 1123 478 1334 519; x_wconf 86' lang='lat' dir='ltr'>Horatius</span> <span class='ocrx_word' id='word_1_18' title='bbox 1366 478 1476 520; x_wconf 92' lang='lat' dir='ltr'>haec</span> <span class='ocrx_word' id='word_1_19' title='bbox 1505 481 1722 533; x_wconf 85' lang='lat' dir='ltr'><strong>cecinerit,</strong></span> 
     </span>
     <span class='ocr_line' id='line_1_5' title="bbox 224 554 1721 609; baseline 0.001 -14"><span class='ocrx_word' id='word_1_20' title='bbox 224 554 310 596; x_wconf 93' lang='lat' dir='ltr'>hoc</span> <span class='ocrx_word' id='word_1_21' title='bbox 356 568 435 609; x_wconf 91' lang='lat' dir='ltr'>pro</span> <span class='ocrx_word' id='word_1_22' title='bbox 483 561 602 596; x_wconf 90' lang='lat' dir='ltr'>certo</span> <span class='ocrx_word' id='word_1_23' title='bbox 650 555 869 596; x_wconf 87' lang='lat' dir='ltr'>affirmare</span> <span class='ocrx_word' id='word_1_24' title='bbox 918 556 1069 605; x_wconf 88' lang='lat' dir='ltr'>ausim,</span> <span class='ocrx_word' id='word_1_25' title='bbox 1114 569 1263 596; x_wconf 88' lang='lat' dir='ltr'>versus</span> <span class='ocrx_word' id='word_1_26' title='bbox 1306 555 1387 596; x_wconf 91' lang='lat' dir='ltr'>hos</span> <span class='ocrx_word' id='word_1_27' title='bbox 1431 569 1563 609; x_wconf 80' lang='lat' dir='ltr'>neque</span> <span class='ocrx_word' id='word_1_28' title='bbox 1604 571 1721 598; x_wconf 87' lang='lat' dir='ltr'>esse:</span> 
     </span>
     <span class='ocr_line' id='line_1_6' title="bbox 227 631 1723 687; baseline 0.002 -15"><span class='ocrx_word' id='word_1_29' title='bbox 227 631 324 681; x_wconf 87' lang='lat' dir='ltr'>„die</span> <span class='ocrx_word' id='word_1_30' title='bbox 371 631 648 685; x_wconf 80' lang='lat' dir='ltr'>Verklarung</span> <span class='ocrx_word' id='word_1_31' title='bbox 694 632 772 673; x_wconf 90' lang='lat' dir='ltr'>der</span> <span class='ocrx_word' id='word_1_32' title='bbox 821 632 1127 674; x_wconf 87' lang='lat' dir='ltr'>Sittenreform</span> <span class='ocrx_word' id='word_1_33' title='bbox 1170 632 1248 673; x_wconf 91' lang='lat' dir='ltr'>des</span> <span class='ocrx_word' id='word_1_34' title='bbox 1290 632 1546 686; x_wconf 82' lang='lat' dir='ltr'>Augustus’&#39;</span> <span class='ocrx_word' id='word_1_35' title='bbox 1592 648 1723 687; x_wconf 78' lang='lat' dir='ltr'>neque</span> 
     </span>
     <span class='ocr_line' id='line_1_7' title="bbox 224 708 1720 764; baseline 0.002 -15"><span class='ocrx_word' id='word_1_36' title='bbox 224 708 383 750; x_wconf 84' lang='lat' dir='ltr'>docere</span> <span class='ocrx_word' id='word_1_37' title='bbox 429 709 598 762; x_wconf 91' lang='lat' dir='ltr'>prolem</span> <span class='ocrx_word' id='word_1_38' title='bbox 643 723 736 750; x_wconf 86' lang='lat' dir='ltr'>esse</span> <span class='ocrx_word' id='word_1_39' title='bbox 779 709 1039 763; x_wconf 82' lang='lat' dir='ltr'>augendam.</span> <span class='ocrx_word' id='word_1_40' title='bbox 1083 708 1259 763; x_wconf 81' lang='lat' dir='ltr'>Quippe</span> <span class='ocrx_word' id='word_1_41' title='bbox 1300 723 1412 763; x_wconf 88' lang='lat' dir='ltr'>quae</span> <span class='ocrx_word' id='word_1_42' title='bbox 1445 713 1720 764; x_wconf 86' lang='lat' dir='ltr'>propositum</span> 
     </span>
     <span class='ocr_line' id='line_1_8' title="bbox 225 786 1254 840; baseline 0.002 -14"><span class='ocrx_word' id='word_1_43' title='bbox 225 786 436 840; x_wconf 87' lang='lat' dir='ltr'>imprimis</span> <span class='ocrx_word' id='word_1_44' title='bbox 472 786 753 840; x_wconf 84' lang='lat' dir='ltr'>„politicum”</span> <span class='ocrx_word' id='word_1_45' title='bbox 787 788 981 840; x_wconf 83' lang='lat' dir='ltr'>poemati</span> <span class='ocrx_word' id='word_1_46' title='bbox 1015 786 1254 829; x_wconf 83' lang='lat' dir='ltr'>inferciant.</span> 
     </span>
    </p>

    <p class='ocr_par' dir='ltr' id='par_1_4' title="bbox 220 863 1722 2232">
     <span class='ocr_line' id='line_1_9' title="bbox 284 863 1722 919; baseline 0.001 -15"><span class='ocrx_word' id='word_1_47' title='bbox 284 864 419 904; x_wconf 91' lang='lat' dir='ltr'>Porro</span> <span class='ocrx_word' id='word_1_48' title='bbox 467 878 530 914; x_wconf 89' lang='lat' dir='ltr'>ea,</span> <span class='ocrx_word' id='word_1_49' title='bbox 575 878 687 918; x_wconf 88' lang='lat' dir='ltr'>quae</span> <span class='ocrx_word' id='word_1_50' title='bbox 730 864 962 905; x_wconf 87' lang='lat' dir='ltr'>Hiemerus</span> <span class='ocrx_word' id='word_1_51' title='bbox 981 865 1012 918; x_wconf 70' lang='grc'>2)</span> <span class='ocrx_word' id='word_1_52' title='bbox 1045 864 1174 906; x_wconf 90' lang='lat' dir='ltr'>docet</span> <span class='ocrx_word' id='word_1_53' title='bbox 1207 863 1594 906; x_wconf 90' lang='lat' dir='ltr'>Gardthausenum</span> <span class='ocrx_word' id='word_1_54' title='bbox 1613 867 1644 919; x_wconf 81' lang='grc'>8)</span> <span class='ocrx_word' id='word_1_55' title='bbox 1679 873 1722 907; x_wconf 91' lang='lat' dir='ltr'>et</span> 
     </span>
     <span class='ocr_line' id='line_1_10' title="bbox 222 940 1719 997; baseline 0.002 -16"><span class='ocrx_word' id='word_1_56' title='bbox 222 941 478 994; x_wconf 89' lang='lat' dir='ltr'>Joersenum</span> <span class='ocrx_word' id='word_1_57' title='bbox 495 940 527 994; x_wconf 81' lang='lat'>4)</span> <span class='ocrx_word' id='word_1_58' title='bbox 570 948 756 991; x_wconf 89' lang='lat' dir='ltr'>secutus,</span> <span class='ocrx_word' id='word_1_59' title='bbox 801 942 887 982; x_wconf 92' lang='lat' dir='ltr'>iam</span> <span class='ocrx_word' id='word_1_60' title='bbox 931 941 1134 995; x_wconf 84' lang='lat' dir='ltr'>leguntur</span> <span class='ocrx_word' id='word_1_61' title='bbox 1166 942 1283 996; x_wconf 91' lang='lat' dir='ltr'>apud</span> <span class='ocrx_word' id='word_1_62' title='bbox 1317 941 1415 983; x_wconf 92' lang='lat' dir='ltr'>Car.</span> <span class='ocrx_word' id='word_1_63' title='bbox 1452 943 1654 984; x_wconf 90' lang='lat' dir='ltr'>Peterum</span> <span class='ocrx_word' id='word_1_64' title='bbox 1676 943 1719 997; x_wconf 79' lang='grc'>5).</span> 
     </span>
     <span class='ocr_line' id='line_1_11' title="bbox 224 1019 1719 1075; baseline 0.001 -15"><span class='ocrx_word' id='word_1_65' title='bbox 224 1019 329 1060; x_wconf 87' lang='lat' dir='ltr'>Post</span> <span class='ocrx_word' id='word_1_66' title='bbox 360 1033 412 1059; x_wconf 90' lang='lat' dir='ltr'>ea</span> <span class='ocrx_word' id='word_1_67' title='bbox 438 1033 550 1073; x_wconf 90' lang='lat' dir='ltr'>quae</span> <span class='ocrx_word' id='word_1_68' title='bbox 578 1019 896 1073; x_wconf 83' lang='lat' dir='ltr'>disputavimus</span> <span class='ocrx_word' id='word_1_69' title='bbox 923 1019 1230 1060; x_wconf 82' lang='lat' dir='ltr'>refutationem</span> <span class='ocrx_word' id='word_1_70' title='bbox 1248 1019 1357 1060; x_wconf 91' lang='lat' dir='ltr'>haec</span> <span class='ocrx_word' id='word_1_71' title='bbox 1375 1033 1460 1061; x_wconf 91' lang='lat' dir='ltr'>non</span> <span class='ocrx_word' id='word_1_72' title='bbox 1481 1021 1719 1075; x_wconf 89' lang='lat' dir='ltr'>requirunt.</span> 
     </span>
     <span class='ocr_line' id='line_1_12' title="bbox 223 1097 1722 1151; baseline 0.001 -14"><span class='ocrx_word' id='word_1_73' title='bbox 223 1097 392 1137; x_wconf 89' lang='lat' dir='ltr'>Tamen</span> <span class='ocrx_word' id='word_1_74' title='bbox 440 1097 606 1138; x_wconf 88' lang='lat' dir='ltr'>iuvabit</span> <span class='ocrx_word' id='word_1_75' title='bbox 657 1110 709 1137; x_wconf 90' lang='lat' dir='ltr'>ea</span> <span class='ocrx_word' id='word_1_76' title='bbox 755 1110 931 1151; x_wconf 89' lang='lat' dir='ltr'>quoque</span> <span class='ocrx_word' id='word_1_77' title='bbox 977 1098 1245 1151; x_wconf 84' lang='lat' dir='ltr'>exposuisse,</span> <span class='ocrx_word' id='word_1_78' title='bbox 1294 1103 1342 1139; x_wconf 88' lang='lat' dir='ltr'>ut</span> <span class='ocrx_word' id='word_1_79' title='bbox 1388 1099 1529 1151; x_wconf 84' lang='lat' dir='ltr'>magis</span> <span class='ocrx_word' id='word_1_80' title='bbox 1576 1099 1722 1139; x_wconf 91' lang='lat' dir='ltr'>omnia</span> 
     </span>
     <span class='ocr_line' id='line_1_13' title="bbox 224 1173 1719 1228; baseline 0.001 -14"><span class='ocrx_word' id='word_1_81' title='bbox 224 1174 555 1228; x_wconf 82' lang='lat' dir='ltr'>perspiciantur.</span> <span class='ocrx_word' id='word_1_82' title='bbox 589 1173 854 1214; x_wconf 88' lang='lat' dir='ltr'>Audiamus:</span> <span class='ocrx_word' id='word_1_83' title='bbox 885 1174 1293 1223; x_wconf 89' lang='lat' dir='ltr'>„Wahrscheinlich</span> <span class='ocrx_word' id='word_1_84' title='bbox 1321 1175 1381 1215; x_wconf 90' lang='lat' dir='ltr'>im</span> <span class='ocrx_word' id='word_1_85' title='bbox 1407 1175 1538 1227; x_wconf 90' lang='lat' dir='ltr'>Jahre</span> <span class='ocrx_word' id='word_1_86' title='bbox 1558 1174 1719 1226; x_wconf 78' lang='lat' dir='ltr'><em>726l28</em></span> 
     </span>
     <span class='ocr_line' id='line_1_14' title="bbox 222 1250 1720 1305; baseline 0.001 -14"><span class='ocrx_word' id='word_1_87' title='bbox 222 1251 310 1305; x_wconf 88' lang='lat' dir='ltr'>gab</span> <span class='ocrx_word' id='word_1_88' title='bbox 343 1264 390 1291; x_wconf 90' lang='lat' dir='ltr'>er</span> <span class='ocrx_word' id='word_1_89' title='bbox 422 1251 491 1291; x_wconf 92' lang='lat' dir='ltr'>ein</span> <span class='ocrx_word' id='word_1_90' title='bbox 524 1257 722 1304; x_wconf 85' lang='lat' dir='ltr'>strenges</span> <span class='ocrx_word' id='word_1_91' title='bbox 760 1250 1017 1305; x_wconf 85' lang='lat' dir='ltr'>Ehegesetz,</span> <span class='ocrx_word' id='word_1_92' title='bbox 1052 1251 1238 1292; x_wconf 89' lang='lat' dir='ltr'>welches</span> <span class='ocrx_word' id='word_1_93' title='bbox 1270 1251 1600 1292; x_wconf 86' lang='lat' dir='ltr'>Ehelosichkeit</span> <span class='ocrx_word' id='word_1_94' title='bbox 1632 1252 1720 1293; x_wconf 91' lang='lat' dir='ltr'>und</span> 
     </span>
     <span class='ocr_line' id='line_1_15' title="bbox 227 1327 1720 1382; baseline 0.001 -13"><span class='ocrx_word' id='word_1_95' title='bbox 227 1328 355 1369; x_wconf 91' lang='lat' dir='ltr'>Ehen</span> <span class='ocrx_word' id='word_1_96' title='bbox 385 1327 598 1368; x_wconf 91' lang='lat' dir='ltr'>zwischen</span> <span class='ocrx_word' id='word_1_97' title='bbox 632 1327 874 1370; x_wconf 85' lang='lat' dir='ltr'>Senatoren</span> <span class='ocrx_word' id='word_1_98' title='bbox 903 1329 991 1369; x_wconf 90' lang='lat' dir='ltr'>und</span> <span class='ocrx_word' id='word_1_99' title='bbox 1020 1329 1376 1382; x_wconf 86' lang='lat' dir='ltr'>Freigelassenen</span> <span class='ocrx_word' id='word_1_100' title='bbox 1403 1329 1613 1370; x_wconf 88' lang='lat' dir='ltr'>bestrafte</span> <span class='ocrx_word' id='word_1_101' title='bbox 1631 1330 1720 1370; x_wconf 91' lang='lat' dir='ltr'>und</span> 
     </span>
     <span class='ocr_line' id='line_1_16' title="bbox 223 1405 1719 1448; baseline 0.001 -3"><span class='ocrx_word' id='word_1_102' title='bbox 223 1405 605 1446; x_wconf 91' lang='lat' dir='ltr'>wahrrscheinlich</span> <span class='ocrx_word' id='word_1_103' title='bbox 653 1405 766 1446; x_wconf 89' lang='lat' dir='ltr'>auch</span> <span class='ocrx_word' id='word_1_104' title='bbox 808 1405 945 1446; x_wconf 90' lang='lat' dir='ltr'>schon</span> <span class='ocrx_word' id='word_1_105' title='bbox 988 1406 1072 1446; x_wconf 87' lang='lat' dir='ltr'>den</span> <span class='ocrx_word' id='word_1_106' title='bbox 1105 1405 1440 1448; x_wconf 89' lang='lat' dir='ltr'>Verheirateten</span> <span class='ocrx_word' id='word_1_107' title='bbox 1474 1406 1719 1448; x_wconf 89' lang='lat' dir='ltr'>Vorrechte</span> 
     </span>
     <span class='ocr_line' id='line_1_17' title="bbox 222 1482 1718 1525; baseline 0.001 -2"><span class='ocrx_word' id='word_1_108' title='bbox 222 1483 265 1523; x_wconf 92' lang='lat' dir='ltr'>in</span> <span class='ocrx_word' id='word_1_109' title='bbox 321 1483 399 1524; x_wconf 89' lang='lat' dir='ltr'>der</span> <span class='ocrx_word' id='word_1_110' title='bbox 446 1482 831 1524; x_wconf 88' lang='lat' dir='ltr'>Ambterkarriere</span> <span class='ocrx_word' id='word_1_111' title='bbox 883 1483 1137 1524; x_wconf 80' lang='lat' dir='ltr'>einraumte.</span> <span class='ocrx_word' id='word_1_112' title='bbox 1187 1483 1279 1523; x_wconf 92' lang='lat' dir='ltr'>Das</span> <span class='ocrx_word' id='word_1_113' title='bbox 1327 1482 1486 1524; x_wconf 87' lang='lat' dir='ltr'>Gesetz</span> <span class='ocrx_word' id='word_1_114' title='bbox 1534 1497 1623 1525; x_wconf 90' lang='lat' dir='ltr'>war</span> <span class='ocrx_word' id='word_1_115' title='bbox 1669 1498 1718 1525; x_wconf 88' lang='lat' dir='ltr'>so</span> 
     </span>
     <span class='ocr_line' id='line_1_18' title="bbox 222 1559 1718 1614; baseline 0.001 -14"><span class='ocrx_word' id='word_1_116' title='bbox 222 1560 464 1614; x_wconf 80' lang='lat' dir='ltr'>unpopular</span> <span class='ocrx_word' id='word_1_117' title='bbox 498 1560 584 1600; x_wconf 91' lang='lat' dir='ltr'>und</span> <span class='ocrx_word' id='word_1_118' title='bbox 613 1559 690 1600; x_wconf 92' lang='lat' dir='ltr'>der</span> <span class='ocrx_word' id='word_1_119' title='bbox 718 1559 1001 1601; x_wconf 88' lang='lat' dir='ltr'>Widerstand</span> <span class='ocrx_word' id='word_1_120' title='bbox 1029 1573 1076 1600; x_wconf 89' lang='lat' dir='ltr'>so</span> <span class='ocrx_word' id='word_1_121' title='bbox 1105 1559 1350 1613; x_wconf 83' lang='lat' dir='ltr'>allgemein,</span> <span class='ocrx_word' id='word_1_122' title='bbox 1370 1560 1471 1601; x_wconf 91' lang='lat' dir='ltr'>dass</span> <span class='ocrx_word' id='word_1_123' title='bbox 1489 1560 1718 1614; x_wconf 85' lang='lat' dir='ltr'>Augustus</span> 
     </span>
     <span class='ocr_line' id='line_1_19' title="bbox 221 1636 1718 1690; baseline 0 -12"><span class='ocrx_word' id='word_1_124' title='bbox 221 1637 431 1678; x_wconf 81' lang='lat' dir='ltr'>zunachst</span> <span class='ocrx_word' id='word_1_125' title='bbox 472 1636 672 1690; x_wconf 86' lang='lat' dir='ltr'>nachgab</span> <span class='ocrx_word' id='word_1_126' title='bbox 692 1670 818 1677; x_wconf 94' lang='grc'><strong>.....</strong></span> <span class='ocrx_word' id='word_1_127' title='bbox 860 1637 992 1678; x_wconf 90' lang='lat' dir='ltr'>Nicht</span> <span class='ocrx_word' id='word_1_128' title='bbox 1033 1637 1102 1678; x_wconf 91' lang='lat' dir='ltr'>die</span> <span class='ocrx_word' id='word_1_129' title='bbox 1135 1637 1305 1678; x_wconf 88' lang='lat' dir='ltr'>Kinder</span> <span class='ocrx_word' id='word_1_130' title='bbox 1338 1637 1434 1678; x_wconf 90' lang='lat' dir='ltr'>sind</span> <span class='ocrx_word' id='word_1_131' title='bbox 1466 1651 1524 1687; x_wconf 79' lang='lat' dir='ltr'>eS,</span> <span class='ocrx_word' id='word_1_132' title='bbox 1560 1651 1615 1678; x_wconf 91' lang='lat' dir='ltr'>an</span> <span class='ocrx_word' id='word_1_133' title='bbox 1647 1637 1718 1678; x_wconf 93' lang='lat' dir='ltr'>die</span> 
     </span>
     <span class='ocr_line' id='line_1_20' title="bbox 221 1714 1719 1767; baseline -0.001 -11"><span class='ocrx_word' id='word_1_134' title='bbox 221 1714 339 1756; x_wconf 88' lang='lat' dir='ltr'>diese</span> <span class='ocrx_word' id='word_1_135' title='bbox 385 1715 614 1767; x_wconf 84' lang='lat' dir='ltr'>Mahnung</span> <span class='ocrx_word' id='word_1_136' title='bbox 655 1715 698 1755; x_wconf 91' lang='lat' dir='ltr'>in</span> <span class='ocrx_word' id='word_1_137' title='bbox 741 1721 880 1755; x_wconf 89' lang='lat' dir='ltr'>erster</span> <span class='ocrx_word' id='word_1_138' title='bbox 921 1715 1046 1755; x_wconf 88' lang='lat' dir='ltr'>Linie</span> <span class='ocrx_word' id='word_1_139' title='bbox 1087 1714 1180 1755; x_wconf 87' lang='lat' dir='ltr'>sich</span> <span class='ocrx_word' id='word_1_140' title='bbox 1219 1715 1390 1764; x_wconf 90' lang='lat' dir='ltr'>richtet,</span> <span class='ocrx_word' id='word_1_141' title='bbox 1426 1715 1614 1756; x_wconf 89' lang='lat' dir='ltr'>sondern</span> <span class='ocrx_word' id='word_1_142' title='bbox 1649 1715 1719 1755; x_wconf 92' lang='lat' dir='ltr'>die</span> 
     </span>
     <span class='ocr_line' id='line_1_21' title="bbox 221 1791 1718 1846; baseline 0.001 -14"><span class='ocrx_word' id='word_1_143' title='bbox 221 1791 372 1846; x_wconf 83' lang='lat' dir='ltr'>Alten,</span> <span class='ocrx_word' id='word_1_144' title='bbox 404 1791 525 1833; x_wconf 91' lang='lat' dir='ltr'>nicht</span> <span class='ocrx_word' id='word_1_145' title='bbox 556 1791 627 1832; x_wconf 89' lang='lat' dir='ltr'>die</span> <span class='ocrx_word' id='word_1_146' title='bbox 658 1792 807 1832; x_wconf 88' lang='lat' dir='ltr'>innere</span> <span class='ocrx_word' id='word_1_147' title='bbox 840 1791 1167 1845; x_wconf 86' lang='lat' dir='ltr'>Umwandlung</span> <span class='ocrx_word' id='word_1_148' title='bbox 1199 1792 1253 1832; x_wconf 92' lang='lat' dir='ltr'>ist</span> <span class='ocrx_word' id='word_1_149' title='bbox 1284 1791 1353 1832; x_wconf 86' lang='lat' dir='ltr'>ihr</span> <span class='ocrx_word' id='word_1_150' title='bbox 1381 1792 1584 1834; x_wconf 76' lang='lat' dir='ltr'>nachstes</span> <span class='ocrx_word' id='word_1_151' title='bbox 1613 1793 1718 1845; x_wconf 87' lang='lat' dir='ltr'>ZieI,</span> 
     </span>
     <span class='ocr_line' id='line_1_22' title="bbox 221 1868 1719 1924; baseline 0.001 -15"><span class='ocrx_word' id='word_1_152' title='bbox 221 1868 410 1909; x_wconf 90' lang='lat' dir='ltr'>sondern</span> <span class='ocrx_word' id='word_1_153' title='bbox 453 1869 536 1909; x_wconf 90' lang='lat' dir='ltr'>den</span> <span class='ocrx_word' id='word_1_154' title='bbox 580 1869 864 1910; x_wconf 87' lang='lat' dir='ltr'>Widerstand</span> <span class='ocrx_word' id='word_1_155' title='bbox 906 1883 1047 1923; x_wconf 84' lang='lat' dir='ltr'>gegen</span> <span class='ocrx_word' id='word_1_156' title='bbox 1090 1869 1160 1910; x_wconf 92' lang='lat' dir='ltr'>die</span> <span class='ocrx_word' id='word_1_157' title='bbox 1191 1869 1452 1922; x_wconf 80' lang='lat' dir='ltr'>gezetsliche</span> <span class='ocrx_word' id='word_1_158' title='bbox 1487 1869 1719 1924; x_wconf 83' lang='lat' dir='ltr'>Regelung</span> 
     </span>
     <span class='ocr_line' id='line_1_23' title="bbox 220 1945 1718 2000; baseline 0.001 -14"><span class='ocrx_word' id='word_1_159' title='bbox 220 1946 357 1987; x_wconf 89' lang='lat' dir='ltr'>sollen</span> <span class='ocrx_word' id='word_1_160' title='bbox 389 1946 458 1986; x_wconf 90' lang='lat' dir='ltr'>die</span> <span class='ocrx_word' id='word_1_161' title='bbox 491 1945 711 1999; x_wconf 87' lang='lat' dir='ltr'>Strophen</span> <span class='ocrx_word' id='word_1_162' title='bbox 739 1946 1047 2000; x_wconf 80' lang='lat' dir='ltr'>bekampfen.’&#39;</span> <span class='ocrx_word' id='word_1_163' title='bbox 1077 1946 1152 1987; x_wconf 91' lang='lat' dir='ltr'>Ad</span> <span class='ocrx_word' id='word_1_164' title='bbox 1180 1947 1366 2000; x_wconf 88' lang='lat' dir='ltr'>primam</span> <span class='ocrx_word' id='word_1_165' title='bbox 1394 1952 1565 2000; x_wconf 89' lang='lat' dir='ltr'>partem</span> <span class='ocrx_word' id='word_1_166' title='bbox 1584 1961 1718 1987; x_wconf 88' lang='lat' dir='ltr'>anno-</span> 
     </span>
     <span class='ocr_line' id='line_1_24' title="bbox 220 2022 1718 2072; baseline 0.001 -7"><span class='ocrx_word' id='word_1_167' title='bbox 220 2023 404 2065; x_wconf 87' lang='lat' dir='ltr'>tandum</span> <span class='ocrx_word' id='word_1_168' title='bbox 450 2029 528 2072; x_wconf 91' lang='lat' dir='ltr'>est‚</span> <span class='ocrx_word' id='word_1_169' title='bbox 571 2036 623 2063; x_wconf 88' lang='lat' dir='ltr'>ea</span> <span class='ocrx_word' id='word_1_170' title='bbox 666 2022 794 2064; x_wconf 90' lang='lat' dir='ltr'>firmo</span> <span class='ocrx_word' id='word_1_171' title='bbox 826 2023 1112 2065; x_wconf 87' lang='lat' dir='ltr'>fundamento</span> <span class='ocrx_word' id='word_1_172' title='bbox 1144 2023 1353 2065; x_wconf 90' lang='lat' dir='ltr'>historico</span> <span class='ocrx_word' id='word_1_173' title='bbox 1387 2037 1472 2064; x_wconf 93' lang='lat' dir='ltr'>non</span> <span class='ocrx_word' id='word_1_174' title='bbox 1506 2024 1596 2066; x_wconf 91' lang='lat' dir='ltr'>niti.</span> <span class='ocrx_word' id='word_1_175' title='bbox 1631 2024 1718 2066; x_wconf 86' lang='lat' dir='ltr'>Sed</span> 
     </span>
     <span class='ocr_line' id='line_1_25' title="bbox 221 2099 1715 2155; baseline 0 -14"><span class='ocrx_word' id='word_1_176' title='bbox 221 2101 447 2142; x_wconf 88' lang='lat' dir='ltr'>mittamus</span> <span class='ocrx_word' id='word_1_177' title='bbox 494 2100 603 2141; x_wconf 88' lang='lat' dir='ltr'>haec</span> <span class='ocrx_word' id='word_1_178' title='bbox 622 2100 666 2153; x_wconf 77' lang='lat'>⁶).</span> <span class='ocrx_word' id='word_1_179' title='bbox 716 2099 791 2140; x_wconf 89' lang='lat' dir='ltr'>Ad</span> <span class='ocrx_word' id='word_1_180' title='bbox 838 2100 1162 2141; x_wconf 84' lang='lat' dir='ltr'>conclusionem</span> <span class='ocrx_word' id='word_1_181' title='bbox 1204 2114 1333 2151; x_wconf 88' lang='lat' dir='ltr'>vero;</span> <span class='ocrx_word' id='word_1_182' title='bbox 1377 2100 1495 2155; x_wconf 85' lang='lat' dir='ltr'>quid,</span> <span class='ocrx_word' id='word_1_183' title='bbox 1539 2115 1715 2155; x_wconf 91' lang='lat' dir='ltr'>quaeso,</span> 
     </span>
     <span class='ocr_line' id='line_1_26' title="bbox 220 2177 1714 2232; baseline 0.001 -14"><span class='ocrx_word' id='word_1_184' title='bbox 220 2177 413 2232; x_wconf 88' lang='lat' dir='ltr'>proferet</span> <span class='ocrx_word' id='word_1_185' title='bbox 469 2177 535 2217; x_wconf 90' lang='lat' dir='ltr'>vir</span> <span class='ocrx_word' id='word_1_186' title='bbox 592 2177 884 2230; x_wconf 85' lang='lat' dir='ltr'>doctissimus,</span> <span class='ocrx_word' id='word_1_187' title='bbox 941 2183 989 2219; x_wconf 90' lang='lat' dir='ltr'>ut</span> <span class='ocrx_word' id='word_1_188' title='bbox 1046 2191 1159 2232; x_wconf 90' lang='lat' dir='ltr'>quae</span> <span class='ocrx_word' id='word_1_189' title='bbox 1211 2177 1420 2218; x_wconf 86' lang='lat' dir='ltr'>audacter</span> <span class='ocrx_word' id='word_1_190' title='bbox 1465 2177 1714 2229; x_wconf 88' lang='lat' dir='ltr'>affirmavit,</span> 
     </span>
    </p>
   </div>
   <div class='ocr_carea' id='block_1_3' title="bbox 734 2262 1280 2266">
    <p class='ocr_par' dir='ltr' id='par_1_5' title="bbox 734 2262 1280 2266">
     <span class='ocr_line' id='line_1_27' title="bbox 734 2262 1280 2266; baseline 0 0"><span class='ocrx_word' id='word_1_191' title='bbox 734 2262 1280 2266; x_wconf 95' lang='lat' dir='ltr'> </span> 
     </span>
    </p>
   </div>
   <div class='ocr_carea' id='block_1_4' title="bbox 221 2307 1718 2413">
    <p class='ocr_par' dir='ltr' id='par_1_6' title="bbox 221 2307 1718 2413">
     <span class='ocr_line' id='line_1_28' title="bbox 271 2307 1718 2353; baseline 0.001 -12"><span class='ocrx_word' id='word_1_192' title='bbox 271 2308 304 2351; x_wconf 94' lang='lat'>1)</span> <span class='ocrx_word' id='word_1_193' title='bbox 328 2307 426 2342; x_wconf 91' lang='lat' dir='ltr'>Vide</span> <span class='ocrx_word' id='word_1_194' title='bbox 448 2308 601 2342; x_wconf 89' lang='lat' dir='ltr'>omnino</span> <span class='ocrx_word' id='word_1_195' title='bbox 621 2308 763 2342; x_wconf 88' lang='lat' dir='ltr'>Becker</span> <span class='ocrx_word' id='word_1_196' title='bbox 777 2308 917 2351; x_wconf 89' lang='lat' dir='ltr'>(Goell)</span> <span class='ocrx_word' id='word_1_197' title='bbox 931 2307 1063 2342; x_wconf 83' lang='lat' dir='ltr'>Gallus</span> <span class='ocrx_word' id='word_1_198' title='bbox 1078 2308 1109 2341; x_wconf 92' lang='lat' dir='ltr'>II</span> <span class='ocrx_word' id='word_1_199' title='bbox 1125 2318 1210 2353; x_wconf 86' lang='lat' dir='ltr'>pag.</span> <span class='ocrx_word' id='word_1_200' title='bbox 1227 2315 1268 2352; x_wconf 82' lang='lat'>57</span> <span class='ocrx_word' id='word_1_201' title='bbox 1283 2318 1365 2353; x_wconf 89' lang='lat' dir='ltr'>sqq.</span> <span class='ocrx_word' id='word_1_202' title='bbox 1380 2314 1435 2342; x_wconf 90' lang='lat' dir='ltr'>et:</span> <span class='ocrx_word' id='word_1_203' title='bbox 1450 2307 1718 2342; x_wconf 86' lang='lat' dir='ltr'>Friedlaender</span> 
     </span>
     <span class='ocr_line' id='line_1_29' title="bbox 221 2366 1716 2413; baseline 0.003 -13"><span class='ocrx_word' id='word_1_204' title='bbox 221 2367 512 2411; x_wconf 86' lang='lat' dir='ltr'>Darstellungen</span> <span class='ocrx_word' id='word_1_205' title='bbox 539 2367 572 2401; x_wconf 91' lang='lat'>1⁵</span> <span class='ocrx_word' id='word_1_206' title='bbox 598 2367 666 2411; x_wconf 81' lang='lat'>368</span> <span class='ocrx_word' id='word_1_207' title='bbox 694 2373 749 2401; x_wconf 85' lang='lat' dir='ltr'>et:</span> <span class='ocrx_word' id='word_1_208' title='bbox 773 2366 996 2412; x_wconf 82' lang='lat' dir='ltr'>Marquardt</span> <span class='ocrx_word' id='word_1_209' title='bbox 1018 2367 1256 2401; x_wconf 90' lang='lat' dir='ltr'>Privatleben</span> <span class='ocrx_word' id='word_1_210' title='bbox 1282 2366 1317 2404; x_wconf 87' lang='lat' dir='ltr'>d.</span> <span class='ocrx_word' id='word_1_211' title='bbox 1340 2368 1385 2402; x_wconf 90' lang='lat' dir='ltr'>R.</span> <span class='ocrx_word' id='word_1_212' title='bbox 1409 2367 1443 2400; x_wconf 79' lang='grc' dir='ltr'>Ι2</span> <span class='ocrx_word' id='word_1_213' title='bbox 1466 2378 1551 2413; x_wconf 86' lang='lat' dir='ltr'>pag.</span> <span class='ocrx_word' id='word_1_214' title='bbox 1575 2376 1619 2411; x_wconf 88' lang='lat'>73</span> <span class='ocrx_word' id='word_1_215' title='bbox 1634 2378 1716 2413; x_wconf 85' lang='lat' dir='ltr'>sqq.</span> 
     </span>
    </p>
   </div>
   <div class='ocr_carea' id='block_1_5' title="bbox 265 2444 1237 2644">
    <p class='ocr_par' dir='ltr' id='par_1_7' title="bbox 265 2444 1237 2644">
     <span class='ocr_line' id='line_1_30' title="bbox 268 2444 575 2490; baseline 0.003 -12"><span class='ocrx_word' id='word_1_216' title='bbox 268 2446 304 2489; x_wconf 89' lang='lat'>2)</span> <span class='ocrx_word' id='word_1_217' title='bbox 330 2444 380 2480; x_wconf 92' lang='lat' dir='ltr'>l.l.</span> <span class='ocrx_word' id='word_1_218' title='bbox 407 2455 492 2490; x_wconf 87' lang='lat' dir='ltr'>pag.</span> <span class='ocrx_word' id='word_1_219' title='bbox 521 2444 575 2488; x_wconf 86' lang='lat'>58.</span> 
     </span>
     <span class='ocr_line' id='line_1_31' title="bbox 268 2521 599 2566; baseline 0 -11"><span class='ocrx_word' id='word_1_220' title='bbox 268 2523 306 2565; x_wconf 90' lang='lat'>3)</span> <span class='ocrx_word' id='word_1_221' title='bbox 330 2521 380 2556; x_wconf 92' lang='grc'>1.1.</span> <span class='ocrx_word' id='word_1_222' title='bbox 406 2522 421 2555; x_wconf 97' lang='grc' dir='ltr'>Ι</span> <span class='ocrx_word' id='word_1_223' title='bbox 448 2531 514 2566; x_wconf 87' lang='lat'>901</span> <span class='ocrx_word' id='word_1_224' title='bbox 544 2532 599 2566; x_wconf 91' lang='lat' dir='ltr'>sq.</span> 
     </span>
     <span class='ocr_line' id='line_1_32' title="bbox 265 2598 1237 2644; baseline 0 -12"><span class='ocrx_word' id='word_1_225' title='bbox 265 2600 304 2643; x_wconf 85' lang='lat'>4)</span> <span class='ocrx_word' id='word_1_226' title='bbox 328 2598 550 2634; x_wconf 88' lang='lat' dir='ltr'>Festschrift</span> <span class='ocrx_word' id='word_1_227' title='bbox 575 2598 636 2632; x_wconf 75' lang='lat' dir='ltr'>fiir</span> <span class='ocrx_word' id='word_1_228' title='bbox 662 2598 807 2633; x_wconf 92' lang='lat' dir='ltr'>Theod.</span> <span class='ocrx_word' id='word_1_229' title='bbox 834 2599 1044 2633; x_wconf 89' lang='lat' dir='ltr'>Mommsen</span> <span class='ocrx_word' id='word_1_230' title='bbox 1069 2609 1154 2644; x_wconf 86' lang='lat' dir='ltr'>pag.</span> <span class='ocrx_word' id='word_1_231' title='bbox 1184 2608 1237 2644; x_wconf 87' lang='lat'>19.</span> 
     </span>
    </p>
   </div>
   <div class='ocr_carea' id='block_1_6' title="bbox 270 2675 861 2721">
    <p class='ocr_par' dir='ltr' id='par_1_8' title="bbox 270 2675 861 2721">
     <span class='ocr_line' id='line_1_33' title="bbox 270 2675 861 2721; baseline -0.002 -11"><span class='ocrx_word' id='word_1_232' title='bbox 270 2678 305 2721; x_wconf 83' lang='grc'>5)</span> <span class='ocrx_word' id='word_1_233' title='bbox 330 2676 556 2710; x_wconf 86' lang='lat' dir='ltr'>Geschichte</span> <span class='ocrx_word' id='word_1_234' title='bbox 581 2677 699 2710; x_wconf 92' lang='lat' dir='ltr'>Roms</span> <span class='ocrx_word' id='word_1_235' title='bbox 724 2676 777 2709; x_wconf 87' lang='lat' dir='ltr'>III</span> <span class='ocrx_word' id='word_1_236' title='bbox 803 2675 861 2718; x_wconf 87' lang='lat'>46.</span> 
     </span>
    </p>
   </div>
   <div class='ocr_carea' id='block_1_7' title="bbox 222 2745 1715 2852">
    <p class='ocr_par' dir='ltr' id='par_1_9' title="bbox 222 2745 1715 2852">
     <span class='ocr_line' id='line_1_34' title="bbox 267 2745 1715 2792; baseline 0 -11"><span class='ocrx_word' id='word_1_237' title='bbox 267 2746 304 2791; x_wconf 88' lang='grc'>6)</span> <span class='ocrx_word' id='word_1_238' title='bbox 330 2748 482 2781; x_wconf 88' lang='lat' dir='ltr'>Praeter</span> <span class='ocrx_word' id='word_1_239' title='bbox 518 2747 621 2781; x_wconf 91' lang='lat' dir='ltr'>locos</span> <span class='ocrx_word' id='word_1_240' title='bbox 654 2757 769 2791; x_wconf 88' lang='lat' dir='ltr'>supra</span> <span class='ocrx_word' id='word_1_241' title='bbox 803 2745 978 2781; x_wconf 91' lang='lat' dir='ltr'>laudatos</span> <span class='ocrx_word' id='word_1_242' title='bbox 1011 2745 1138 2780; x_wconf 90' lang='lat' dir='ltr'>videre</span> <span class='ocrx_word' id='word_1_243' title='bbox 1170 2747 1309 2792; x_wconf 89' lang='lat' dir='ltr'>poteris</span> <span class='ocrx_word' id='word_1_244' title='bbox 1333 2747 1369 2782; x_wconf 93' lang='lat' dir='ltr'>S.</span> <span class='ocrx_word' id='word_1_245' title='bbox 1397 2746 1559 2782; x_wconf 84' lang='lat' dir='ltr'>Franke.</span> <span class='ocrx_word' id='word_1_246' title='bbox 1588 2747 1715 2781; x_wconf 75' lang='lat' dir='ltr'>»Fasti</span> 
     </span>
     <span class='ocr_line' id='line_1_35' title="bbox 222 2805 1713 2852; baseline 0 -12"><span class='ocrx_word' id='word_1_247' title='bbox 222 2806 376 2840; x_wconf 87' lang='lat' dir='ltr'>Horat.&#39;&#39;</span> <span class='ocrx_word' id='word_1_248' title='bbox 408 2817 492 2852; x_wconf 86' lang='lat' dir='ltr'>pag.</span> <span class='ocrx_word' id='word_1_249' title='bbox 532 2806 594 2849; x_wconf 87' lang='lat'>183</span> <span class='ocrx_word' id='word_1_250' title='bbox 623 2816 733 2850; x_wconf 89' lang='lat' dir='ltr'>porro</span> <span class='ocrx_word' id='word_1_251' title='bbox 759 2805 982 2851; x_wconf 88' lang='lat' dir='ltr'>Marquardt</span> <span class='ocrx_word' id='word_1_252' title='bbox 1006 2805 1056 2840; x_wconf 93' lang='grc'>1.1.</span> <span class='ocrx_word' id='word_1_253' title='bbox 1082 2806 1117 2839; x_wconf 86' lang='lat'>12</span> <span class='ocrx_word' id='word_1_254' title='bbox 1142 2817 1227 2851; x_wconf 88' lang='lat' dir='ltr'>pag.</span> <span class='ocrx_word' id='word_1_255' title='bbox 1253 2814 1296 2850; x_wconf 82' lang='grc'>75</span> <span class='ocrx_word' id='word_1_256' title='bbox 1324 2806 1361 2840; x_wconf 92' lang='lat' dir='ltr'>in</span> <span class='ocrx_word' id='word_1_257' title='bbox 1387 2806 1630 2841; x_wconf 88' lang='lat' dir='ltr'>annotatione</span> <span class='ocrx_word' id='word_1_258' title='bbox 1657 2812 1713 2841; x_wconf 66' lang='lat'>20.</span> 
     </span>
    </p>
   </div>
  </div>
 </body>
</html>
