1955 3157
955 234 1006 284 58

230 363 370 403 denen
403 363 544 416 gleich
576 361 659 403 den
693 361 915 412 Soldaten,
949 361 1020 403 die
1046 361 1307 415 eigentliche
1335 361 1565 415 politische
1591 362 1724 403 Laus-

230 439 360 489 bahn,
395 440 471 481 der
504 439 809 481 Reichsdienst
838 438 1136 479 verschlossen
1164 439 1232 489 ist,
1262 439 1331 479 die
1360 438 1465 479 aber
1492 439 1550 479 im
1569 439 1724 481 Dienst

229 517 306 557 des
348 517 540 567 Kaisers,
584 530 664 557 vor
706 516 835 557 aliem
878 516 946 556 bei
980 516 1058 556 der
1093 515 1442 569 Steuerhebung‚
1475 516 1580 556 aber
1611 516 1724 558 auch

229 600 351 635 sonst
392 595 435 635 in
466 594 843 635 administrativen
878 592 1144 634 Geschaften
1171 592 1295 646 jeder
1324 593 1411 634 Art
1443 593 1723 647 mannigfach

228 672 479 712 verwendet
526 671 743 712 werden.’'
792 669 892 724 Quo
939 670 1117 711 tandem
1165 671 1361 720 obsecro,
1397 669 1581 711 artificio
1613 671 1724 712 haec

228 749 376 789 omnia
408 755 618 790 eruuntur
650 762 707 788 ex
734 748 902 788 duabus
929 747 1048 787 hisce
1075 747 1279 800 strophis,
1309 747 1383 788 ubi
1409 747 1467 788 nil
1484 748 1722 801 reperimus

229 826 308 866 nisi
338 826 444 866 deos
476 832 518 866 et
551 839 738 879 poenam
769 832 813 866 et
846 824 1120 865 mercedem?

562 942 651 975 »Est
677 947 712 975 et
739 941 839 976 fideli
865 947 946 975 tuta
971 941 1118 975 silentio

558 1002 721 1035 Merces:
749 1000 886 1034 vetabo
912 1000 977 1045 qui
1003 1000 1149 1035 Cereris
1174 1011 1322 1035 sacrum

606 1060 778 1104 Volgarit
802 1070 974 1103 arcanae,
1001 1059 1071 1094 sub
1096 1059 1215 1094 isdem

654 1120 709 1153 Sit
733 1119 905 1153 trabibus
930 1119 1150 1163 sragilemve
1175 1129 1323 1153 mecum

560 1225 690 1259 Solvat
716 1225 917 1270 phaselon;
944 1235 1055 1269 saepe
1081 1224 1269 1269 Diespiter

559 1285 761 1328 Neglectus
787 1284 927 1318 incesto
954 1283 1101 1318 addidit
1126 1284 1313 1328 integrum

607 1345 708 1378 Raro
735 1343 1020 1378 antecedentem
1046 1343 1244 1377 scelestum

653 1403 826 1438 Deseruit
851 1403 946 1448 pede
973 1404 1097 1437 Poena
1123 1403 1293 1438 claud0.'‘
1321 1423 1363 1427 —

286 1516 501 1568 Pythiane
532 1517 636 1557 olim
669 1517 852 1570 Delphis
885 1523 976 1558 tam
1009 1517 1152 1558 densis
1184 1530 1376 1571 unquam
1404 1517 1596 1558 tenebris
1622 1530 1718 1558 sen-

225 1593 406 1633 tentiam
453 1607 578 1634 suam
620 1594 923 1635 abscondidit?
965 1594 1176 1635 Horatius
1218 1595 1252 1635 si
1285 1594 1463 1635 laudare
1494 1593 1717 1645 voluisset,

224 1684 337 1724 quae
394 1671 690 1725 promulgavit
747 1672 1048 1712 Mommsenus
1107 1685 1204 1712 eam
1252 1671 1401 1725 utique
1447 1670 1716 1724 superasset!

225 1747 368 1801 Quam
403 1749 716 1790 obscuritatem
748 1762 958 1790 excusare
985 1747 1078 1789 vult
1103 1748 1168 1788 vir
1200 1748 1490 1797 doctissimus,
1525 1748 1718 1789 obiciens

226 1826 350 1866 nobis
393 1826 454 1866 rei
495 1827 740 1867 cantandae
782 1825 1094 1866 difficultatem.
1129 1849 1186 1855 —
1221 1826 1362 1874 „Dem
1405 1826 1589 1866 Dichter
1620 1825 1717 1865 sind

224 1902 286 1942 sie
333 1902 452 1943 nicht
499 1903 686 1957 bequem
728 1917 952 1956 gewesen;
986 1902 1321 1956 Ambtfi'ihrung
1352 1903 1439 1943 und
1474 1901 1717 1943 Gewissen-

224 1979 455 2032 haftigkeit
501 1994 552 2020 zu
595 1980 804 2033 besingen
845 1980 901 2021 ist
942 1979 1183 2034 schwierig.
1217 1979 1340 2021 Aber
1373 1993 1473 2020 man
1506 1979 1618 2021 fuhlt
1651 1984 1717 2020 est

224 2056 314 2096 ihm
347 2056 473 2106 nach,
506 2070 630 2097 wenn
662 2070 710 2097 er
741 2057 819 2097 der
849 2057 1192 2110 schweigsamen
1220 2057 1364 2098 Treue
1392 2057 1459 2097 ihr
1486 2056 1583 2097 Lob
1600 2055 1713 2106 zollt,

225 2133 312 2173 und
360 2146 447 2173 von
494 2132 594 2173 dem
644 2133 808 2174 Fluche
854 2134 1033 2187 spricht,
1077 2134 1263 2175 welcher
1294 2147 1348 2174 an
1382 2132 1715 2175 Unredlichkeit

225 2210 313 2250 und
360 2210 769 2252 Vertrauensbruch
816 2211 908 2251 sich
957 2210 1137 2252 heftet.’'
1187 2211 1334 2260 „Raro
1381 2210 1714 2251 antecedentem

224 2287 468 2337 scelestum,
503 2288 694 2328 deseruit
727 2287 838 2340 pede
870 2287 1015 2328 Poena
1046 2287 1244 2329 claudo.”

284 2363 362 2405 Sat
393 2364 528 2405 libera
559 2378 663 2405 sane
695 2370 761 2405 est
793 2364 944 2405 ultima
976 2365 1140 2406 versio!
1174 2389 1231 2394 ——

284 2441 638 2494 Diligentissime,
687 2441 968 2496 pluribusque
1014 2442 1154 2482 allatis
1197 2443 1457 2495 scriptorum
1500 2441 1713 2495 exemplis

225 2517 483 2558 Karstenius
530 2518 645 2558 hunc
691 2518 835 2559 locum
883 2520 1179 2572 pertractavit.
1223 2519 1429 2560 Ostendit
1461 2518 1712 2572 Augustum

225 2608 311 2635 non
365 2609 463 2635 eum
510 2595 654 2647 fuisse,
702 2596 776 2649 qui
827 2596 1100 2649 „nuperrime
1147 2609 1289 2635 rerum
1338 2596 1516 2648 potitUS,
1562 2595 1711 2635 statim

225 2671 409 2712 voluerit
430 2678 505 2713 aut
522 2673 711 2726 potuerit
727 2687 752 2713 a
769 2673 1113 2727 quibuscumque
1132 2672 1472 2725 magistratibus,
1490 2672 1709 2720 ministris,

225 2749 497 2789 senatoribus
543 2750 722 2790 tacitam
769 2750 1092 2791 observantiam
1141 2747 1379 2802 flagitare'’.
1422 2748 1597 2802 Quippe
1636 2749 1710 2803 qui

225 2824 349 2865 aliter
396 2839 573 2878 prorsus
621 2826 742 2867 initio
789 2827 853 2866 sui
901 2827 1022 2880 regni
1078 2827 1336 2880 praesertim
1381 2839 1428 2866 se
1468 2825 1615 2880 gessit,
1663 2831 1710 2866 ut
