1955 3157
938 207 1017 259 136

602 335 726 379 Quam
753 335 783 369 si
809 335 990 370 clientum
1015 336 1128 380 longa
1156 337 1304 381 negotia

601 394 818 429 Diiudicata
844 395 908 429 lite
934 395 1173 440 relinqueret,

647 454 824 488 Tendens
849 454 1086 489 Venafranos
1111 455 1149 489 in
1175 467 1285 500 agros

695 514 771 548 Aut
797 514 1138 548 Lacedaemonium
1164 516 1405 553 Tarentum”.

281 604 377 644 Nisi
425 604 521 659 quis
563 606 619 646 sit
663 618 840 659 prorsus
882 605 1159 656 obcaecatus,
1205 605 1429 660 intelleget
1469 607 1541 648 hic
1572 606 1712 649 simili-

222 682 373 722 tudine
400 695 525 723 usum
553 696 647 722 esse
674 683 923 734 Horatium,
948 697 1089 738 neque
1105 683 1237 724 credo
1255 698 1353 725 eum
1372 684 1516 725 dicere
1533 682 1712 725 voluisse

222 760 408 800 Atilium
437 759 654 813 Regulum
674 761 947 801 Venafranos
975 761 1018 800 in
1046 775 1176 815 agros
1193 762 1351 815 quietis
1369 761 1712 816 remissionisque

222 850 353 878 causa
380 837 538 877 abiisse
565 851 771 892 unquam.
801 838 898 878 Hac
926 838 1093 879 ratione
1122 838 1272 892 utique
1300 845 1451 892 „passt
1478 840 1530 883 sie
1547 839 1712 892 eigent-

222 914 307 955 lich
340 928 419 968 gar
452 915 574 956 nicht
606 915 683 956 auf
712 915 959 969 Regulus''!
993 915 1145 969 Atque
1177 916 1388 958 hactenus
1420 916 1612 960 Iurenka.

283 991 541 1033 Schefflerus
560 991 591 1045 1)
623 992 945 1046 elegantissime
972 992 1150 1047 quidem
1168 994 1351 1047 exponit
1368 1000 1503 1036 totum
1520 1007 1710 1044 carmen,

222 1082 374 1110 verum
422 1069 594 1110 videtur
635 1069 834 1110 infercire
878 1069 995 1110 illam
1037 1071 1299 1111 sententiam
1331 1084 1418 1111 non
1451 1071 1713 1112 enuntiatam

225 1145 278 1186 de
311 1146 576 1186 redimendis
607 1147 804 1199 captivis.

285 1223 461 1273 „Sollen
509 1225 586 1264 wir
633 1237 681 1264 so
724 1225 814 1265 eid-
857 1225 946 1265 und
989 1224 1404 1279 pflichtvergessene
1440 1225 1605 1266 Romer
1636 1239 1714 1266 aus

224 1300 339 1340 ihrer
367 1301 752 1354 selbstgewahlten
781 1301 1154 1356 Gefangenschaft
1176 1303 1372 1344 erlosen?
1400 1302 1541 1345 Sollen
1559 1303 1635 1346 wir
1652 1304 1713 1344 sie

224 1378 338 1419 wohl
361 1392 441 1432 gar
457 1378 684 1420 loskaufen
702 1386 828 1421 unter
846 1379 1065 1421 Schmach
1084 1379 1172 1420 und
1190 1380 1354 1422 Busse?
1372 1380 1712 1422 Nimmermehr!

223 1455 331 1496 Was
374 1462 439 1497 tat
470 1456 547 1496 der
577 1456 821 1509 gesangene
854 1457 1048 1510 Regulus
1063 1456 1104 1497 ?''
1139 1457 1264 1499 Tunc
1297 1458 1431 1499 solum
1463 1457 1715 1499 addendum

224 1546 318 1573 esse
350 1532 513 1587 aliquid
547 1533 609 1583 iis,
639 1547 751 1587 quae
778 1541 954 1588 praesto
982 1541 1083 1576 sunt
1111 1535 1330 1589 existimo,
1358 1549 1452 1576 cum
1470 1535 1564 1589 ipsa
1581 1536 1716 1576 verba

225 1616 389 1651 rectam
422 1611 784 1664 significationem
816 1625 903 1652 non
936 1613 1161 1666 praebent.
1196 1611 1327 1666 Quod
1359 1612 1532 1654 minime
1563 1626 1715 1653 verum

225 1693 291 1728 est
322 1688 365 1727 in
397 1688 550 1742 quinta
581 1688 679 1729 oda.

608 1824 632 1877 ξ
663 1835 706 1875 4.
739 1824 1023 1866 SCRIPTORIS
1055 1834 1334 1866 SENTENTIA.

346 1944 384 1972 a.
418 1931 485 1971 De
508 1930 665 1984 prima
696 1932 888 1985 stropha.

286 2037 480 2079 Dubium
522 2043 693 2080 tantum
725 2052 819 2079 esse
851 2045 1010 2092 potest,
1044 2039 1330 2081 cohaereatne
1362 2039 1503 2093 prima
1533 2039 1718 2093 stropha

226 2121 319 2155 arte
367 2129 465 2156 cum
513 2116 682 2156 ceteris.
733 2140 786 2145 —
834 2116 929 2157 Iam
976 2117 1091 2157 enim
1139 2116 1405 2158 redeundum
1449 2123 1527 2158 est.
1572 2141 1628 2146 —
1670 2117 1719 2157 In

227 2193 504 2246 opinionibus
552 2206 632 2246 pro
674 2193 838 2234 viribus
881 2207 1012 2247 supra
1054 2193 1317 2247 impugnatis
1360 2200 1511 2247 aperte
1544 2199 1719 2235 contra-

228 2269 371 2310 dicere
402 2270 660 2323 sibimetipsi
694 2276 871 2323 poetam
905 2271 965 2311 ait
997 2271 1332 2324 Rosenbergius.
1369 2271 1568 2312 Etenim:
1600 2270 1719 2320 „Der

228 2346 410 2387 Dichter
441 2346 558 2387 kann
587 2347 693 2387 aber
720 2347 832 2388 auch
860 2360 938 2400 gar
966 2348 1086 2389 nicht
1113 2347 1179 2388 fur
1196 2348 1289 2388 eine
1306 2347 1720 2401 Hinausschiebung

228 2424 305 2464 des
347 2424 535 2477 Krieges
576 2438 717 2478 gegen
748 2425 818 2464 die
851 2424 1041 2464 Parthen
1072 2425 1340 2478 eingetreten
1372 2425 1476 2465 sein.
1512 2425 1572 2465 Es
1604 2432 1719 2465 ware

229 2500 343 2541 doch
370 2501 598 2541 sicherlich
625 2502 727 2541 sehr
754 2502 1006 2556 eigenartig,
1032 2516 1153 2542 wenn
1172 2502 1248 2542 der
1266 2500 1517 2551 „hofische”
1537 2501 1720 2542 Dichter

230 2578 299 2618 die
331 2577 662 2632 Anerkennung
695 2578 771 2619 des
799 2579 1027 2633 Augustus
1054 2580 1117 2620 als
1145 2579 1307 2633 Iupiter
1334 2578 1413 2619 auf
1425 2578 1585 2628 Erden,
1605 2578 1719 2618 noch

229 2654 305 2695 auf
333 2656 457 2696 einen
489 2655 638 2697 fernen
670 2656 850 2697 Termin
882 2656 1242 2698 hinausschieben
1276 2655 1461 2697 wollte''.

283 2822 315 2864 1)
340 2821 436 2855 Vide
462 2821 511 2856 1.1.
537 2821 585 2855 ad
611 2833 762 2856 carmen
789 2822 973 2867 quintum.
