1955 3157
966 186 986 228 5

236 310 313 352 der
360 307 636 351 Staatsidee''
656 308 700 361 1).
751 308 842 349 Eos
883 308 1014 361 igitur
1058 307 1271 360 imprimis
1312 311 1514 360 spectant
1559 305 1730 346 Horatii

235 387 579 428 exhortationes.

295 464 409 507 Sane
465 478 553 505 non
611 463 783 516 negabo
837 462 1024 504 Horatio
1072 461 1298 502 Musarum
1345 460 1562 501 sacerdoti
1610 460 1730 501 cordi

236 542 427 583 maxime
473 541 616 591 fuisse,
661 541 940 595 optimatium
983 539 1142 580 liberos
1175 538 1231 579 ad
1264 538 1493 593 pristinam
1525 538 1731 578 virtutem

234 626 506 671 convertere,
555 618 727 672 negabo
771 624 919 659 tamen
963 616 1006 657 id
1038 629 1138 657 eum
1172 615 1256 656 hoc
1289 615 1386 655 loco
1419 615 1632 655 indicasse
1663 614 1731 654 vel

234 696 425 737 indicare
453 695 654 737 voluisse.
684 696 876 736 Primum
900 695 1014 735 enim
1034 694 1178 748 potius
1197 706 1355 734 nocere
1373 705 1504 746 quam
1523 691 1730 745 prodesse

235 774 339 814 mihi
372 773 545 815 videtur
577 773 711 827 ipsius
743 778 902 826 poetae
934 771 1162 826 proposito
1194 769 1293 812 talis
1325 769 1599 823 significatio.

294 852 499 904 Namque
545 858 626 892 aut
670 850 791 903 cupit
837 849 987 890 audire
1034 849 1106 889 illa
1150 847 1273 902 plebs
1316 847 1489 887 Horatii
1523 846 1728 895 carmina,

233 935 315 970 aut
359 942 445 969 non
486 928 592 969 vult.
637 953 695 958 ——
737 927 782 969 Si
817 941 905 968 non
937 926 1043 977 vult,
1078 939 1212 979 quare
1244 925 1404 965 frustra
1435 923 1730 964 removenda?

234 1006 279 1048 Si
327 1006 433 1056 vult,
482 1019 534 1046 eo
582 1006 678 1059 ipso
721 1005 912 1046 ostendit
944 1010 1182 1058 praecepta
1214 1017 1260 1043 se
1292 1001 1553 1050 desiderare,
1589 1014 1730 1053 neque

234 1083 414 1124 dubium
447 1097 542 1124 esse
574 1089 720 1136 potest
748 1083 852 1136 quin
880 1081 1065 1123 multum
1085 1081 1293 1122 interesse
1311 1085 1443 1133 poeta
1460 1077 1729 1129 iudicaverit,

234 1167 282 1202 ut
329 1160 478 1201 infima
525 1174 701 1213 quoque
747 1173 824 1200 seu
873 1159 1024 1212 quinta
1070 1157 1232 1207 classis,
1281 1170 1394 1210 quae
1436 1156 1600 1196 maiore
1643 1155 1728 1195 iam

233 1237 446 1279 frueretur
478 1251 611 1291 quam
644 1243 774 1278 antea
806 1237 911 1286 iure,
946 1237 1113 1276 maiora
1146 1235 1231 1276 iam
1265 1248 1397 1288 quam
1429 1240 1561 1274 antea
1588 1232 1730 1286 reipu-

232 1315 370 1356 blicae
409 1315 548 1355 officia
581 1320 838 1368 praestaret.
873 1313 1044 1354 Deinde
1077 1313 1195 1366 quod
1227 1312 1404 1365 gravius
1436 1316 1526 1351 est:
1560 1309 1601 1350 in
1635 1309 1730 1362 ipsa

231 1393 372 1447 prima
388 1392 573 1446 stropha
592 1392 719 1433 simul
736 1392 1002 1432 contrarium
1021 1390 1282 1431 enuntiatur.
1301 1389 1436 1429 Poeta
1454 1401 1539 1428 non
1557 1392 1728 1428 tantum

231 1471 406 1520 indicat,
436 1470 593 1524 quibus
621 1469 741 1519 nolit,
767 1468 843 1509 sed
861 1474 1019 1522 quarto
1037 1481 1165 1508 versu
1183 1468 1268 1507 iam
1287 1466 1430 1516 docet,
1450 1464 1607 1518 quibus
1624 1463 1730 1504 velit

231 1561 309 1588 sua
342 1548 536 1588 carmina
568 1553 758 1589 cantare.
794 1546 960 1587 Verum
996 1543 1175 1598 „plebs”
1210 1557 1342 1597 quam
1376 1541 1584 1583 Germani
1616 1540 1728 1590 „den

230 1638 411 1678 grossen
443 1624 646 1665 Haufen’'
680 1624 1035 1677 interpretantur,
1070 1622 1126 1662 ab
1159 1635 1244 1662 una
1276 1626 1401 1675 parte
1433 1625 1477 1660 et
1512 1619 1727 1672 „virgines

230 1702 469 1756 puerique''
519 1702 544 1744 i.
576 1715 613 1742 e.
664 1701 761 1750 „die
806 1700 1007 1754 Jugend''
1056 1699 1112 1740 ab
1156 1699 1294 1739 altera
1335 1704 1474 1751 parte,
1519 1709 1607 1736 non
1647 1695 1727 1735 nisi

230 1780 448 1825 immerito
467 1780 581 1820 inter
598 1792 644 1819 se
662 1785 955 1833 opponuntur.
976 1776 1143 1818 Contra
1161 1776 1350 1816 admissa
1367 1772 1728 1827 interpretatione

231 1857 493 1898 Mommseni
524 1870 657 1910 supra
690 1856 868 1897 laudata
886 1854 917 1908 Ξ>
952 1854 1168 1896 sententia
1201 1854 1243 1893 in
1276 1858 1484 1906 promptu
1518 1857 1583 1891 est
1600 1850 1645 1903 3).

283 1982 315 2025 1)
342 1979 398 2015 Cf.
425 1981 476 2015 l.l.
504 1992 587 2026 pag.
616 1990 694 2024 302.

278 2061 314 2102 2)
351 2060 409 2092 En
447 2058 564 2093 verba
604 2057 800 2092 clarissimi
841 2057 928 2091 viri:
968 2056 1018 2091 1.1.
1056 2067 1141 2101 pag.
1177 2062 1231 2099 25.
1262 2055 1334 2088 »Er
1360 2052 1502 2098 spricht
1528 2051 1595 2085 wie
1618 2050 1727 2094 Jeder

229 2119 394 2164 Prophet
427 2130 469 2152 zu
495 2118 568 2152 den
595 2116 867 2160 Glaubenden3
893 2116 953 2150 die
980 2115 1199 2157 Gemeinen,
1225 2113 1284 2147 die
1311 2112 1371 2146 fur
1396 2111 1455 2146 die
1482 2121 1576 2144 neue
1604 2109 1727 2144 Offen-

230 2178 378 2222 barung
424 2177 780 2224 Unempfindlichen
825 2175 1075 2210 auszuweisen
1121 2174 1167 2208 ist
1212 2173 1290 2207 sein
1328 2178 1443 2206 erstes
1482 2171 1611 2212 Wort;
1648 2169 1727 2203 sein

230 2238 373 2271 zweites
399 2237 486 2271 dass
512 2248 551 2271 er
572 2248 614 2270 zu
637 2236 703 2271 der
723 2235 870 2281 Jugend
892 2234 1008 2278 redet,
1022 2233 1334 2278 denJunglingen
1350 2231 1427 2265 und
1440 2231 1512 2265 den
1527 2230 1727 2264 Madchew

229 2297 317 2331 dass
338 2296 404 2331 der
428 2307 523 2330 neue
545 2296 697 2340 Gesang
718 2307 766 2329 an
787 2295 855 2329 das
877 2293 1104 2328 kommende
1127 2292 1354 2327 Gesehleeht
1368 2291 1446 2325 sich
1463 2290 1606 2324 wendet
1622 2315 1725 2324 .....

230 2356 334 2390 nicht
371 2367 420 2389 an
458 2355 519 2389 die
552 2356 664 2390 Alten
700 2354 777 2389 und
804 2354 955 2397 Kalten,
980 2364 1029 2387 an
1055 2352 1114 2386 die
1142 2351 1277 2386 frische
1304 2350 1511 2384 Gemflther
1536 2349 1603 2383 der
1628 2348 1726 2382 noch

230 2415 526 2450 bestimmbaren
549 2416 696 2459 Jungen
723 2413 824 2448 Welt
851 2412 996 2446 wendet
1018 2412 1097 2446 sich
1119 2411 1186 2445 der
1207 2410 1369 2455 Prophet
1393 2409 1460 2443 der
1474 2407 1726 2442 Monarchie.''

279 2494 315 2536 3)
339 2493 517 2526 Ceterum
543 2502 588 2525 ex
617 2491 745 2525 multis
770 2496 967 2536 poetarum
992 2489 1083 2523 locis
1109 2494 1265 2534 apparet
1287 2498 1361 2521 non
1384 2487 1461 2520 vim
1476 2485 1630 2520 nimiam
1647 2495 1726 2519 esse

230 2551 470 2586 tribuendam
496 2551 583 2584 huic
607 2551 689 2584 voci
715 2550 960 2594 »(musarum)
984 2547 1203 2582 sacerdotr'.
1225 2546 1405 2581 Solebant
1419 2546 1517 2579 enim
1532 2555 1726 2578 musarum

230 2611 437 2645 deorumve
475 2610 713 2644 sacerdotum
752 2615 877 2655 partes
916 2608 1104 2653 suscipere
1140 2613 1176 2641 et
1209 2606 1389 2640 Horatius
1415 2612 1452 2639 et
1477 2604 1664 2648 Vergilius
1689 2609 1726 2637 et

231 2670 389 2705 Ovidius
415 2676 451 2704 et
476 2669 692 2715 Propertius
718 2668 865 2713 aliique.
895 2665 1336 2710 Kiesslingius-Heinzius
1360 2669 1501 2698 annota
1527 2668 1661 2696 verunt

278 2730 386 2773 Prop.
415 2729 478 2763 IV.
504 2727 537 2771 6,
569 2738 604 2762 1:
635 2728 771 2762 »Sacra
797 2726 886 2761 facit
912 2732 1030 2768 vates,
1056 2725 1129 2759 sint
1154 2736 1219 2758 ora
1244 2724 1412 2758 faventia
1437 2723 1585 2757 sacris'’.

279 2788 501 2833 Complures
523 2798 611 2822 vero
632 2788 734 2821 locos
758 2786 967 2820 Riednerus
990 2784 1140 2828 collegit
1156 2804 1199 2807 —
1216 2783 1425 2828 »Typische
1438 2783 1725 2824 Aeusserungen
