<?xml version="1.0" encoding="UTF-8"?>
<!DOCTYPE html PUBLIC "-//W3C//DTD XHTML 1.0 Transitional//EN"
    "http://www.w3.org/TR/xhtml1/DTD/xhtml1-transitional.dtd">
<html xmlns="http://www.w3.org/1999/xhtml" xml:lang="en" lang="en">
 <head>
  <title>
</title>
<meta http-equiv="Content-Type" content="text/html;charset=utf-8" />
  <meta name='ocr-system' content='tesseract 3.04.00' />
  <meta name='ocr-capabilities' content='ocr_page ocr_carea ocr_par ocr_line ocrx_word'/>
</head>
<body>
  <div class='ocr_page' id='page_1' title='image "./disputatiocritic00slijuoft_0088.png"; bbox 0 0 1955 3157; ppageno 0'>
   <div class='ocr_carea' id='block_1_1' title="bbox 931 266 987 318">
    <p class='ocr_par' dir='ltr' id='par_1_1' title="bbox 931 266 987 318">
     <span class='ocr_line' id='line_1_1' title="bbox 931 266 987 318; baseline 0 -12"><span class='ocrx_word' id='word_1_1' title='bbox 931 266 987 318; x_wconf 87' lang='lat'>76</span> 
     </span>
    </p>
   </div>
   <div class='ocr_carea' id='block_1_2' title="bbox 205 394 1701 2148">
    <p class='ocr_par' dir='ltr' id='par_1_2' title="bbox 205 394 1701 1910">
     <span class='ocr_line' id='line_1_2' title="bbox 207 394 1696 453; baseline -0.003 -13"><span class='ocrx_word' id='word_1_2' title='bbox 207 399 438 453; x_wconf 84' lang='lat' dir='ltr'>praecipue</span> <span class='ocrx_word' id='word_1_3' title='bbox 481 398 523 439; x_wconf 92' lang='lat' dir='ltr'>in</span> <span class='ocrx_word' id='word_1_4' title='bbox 564 397 855 451; x_wconf 85' lang='lat' dir='ltr'>suspicionem</span> <span class='ocrx_word' id='word_1_5' title='bbox 897 396 1090 445; x_wconf 86' lang='lat' dir='ltr'>inducor,</span> <span class='ocrx_word' id='word_1_6' title='bbox 1134 394 1253 449; x_wconf 92' lang='lat' dir='ltr'>quod</span> <span class='ocrx_word' id='word_1_7' title='bbox 1298 400 1430 448; x_wconf 91' lang='lat' dir='ltr'>poeta</span> <span class='ocrx_word' id='word_1_8' title='bbox 1465 394 1559 435; x_wconf 90' lang='lat' dir='ltr'>aliis</span> <span class='ocrx_word' id='word_1_9' title='bbox 1590 395 1696 436; x_wconf 91' lang='lat' dir='ltr'>locis</span> 
     </span>
     <span class='ocr_line' id='line_1_3' title="bbox 206 471 1695 529; baseline -0.003 -12"><span class='ocrx_word' id='word_1_10' title='bbox 206 476 401 529; x_wconf 91' lang='lat' dir='ltr'>pluribus</span> <span class='ocrx_word' id='word_1_11' title='bbox 432 481 668 529; x_wconf 87' lang='lat' dir='ltr'>tyrannum</span> <span class='ocrx_word' id='word_1_12' title='bbox 700 474 827 515; x_wconf 86' lang='lat' dir='ltr'>simili</span> <span class='ocrx_word' id='word_1_13' title='bbox 860 478 1175 514; x_wconf 84' lang='lat' dir='ltr'>commemorat</span> <span class='ocrx_word' id='word_1_14' title='bbox 1206 471 1441 512; x_wconf 87' lang='lat' dir='ltr'>verborum</span> <span class='ocrx_word' id='word_1_15' title='bbox 1468 477 1695 525; x_wconf 86' lang='lat' dir='ltr'>contextu,</span> 
     </span>
     <span class='ocr_line' id='line_1_4' title="bbox 207 548 1697 604; baseline -0.002 -11"><span class='ocrx_word' id='word_1_16' title='bbox 207 553 279 594; x_wconf 91' lang='lat' dir='ltr'>ubi</span> <span class='ocrx_word' id='word_1_17' title='bbox 312 566 390 593; x_wconf 88' lang='lat' dir='ltr'>nec</span> <span class='ocrx_word' id='word_1_18' title='bbox 422 553 476 593; x_wconf 89' lang='lat' dir='ltr'>de</span> <span class='ocrx_word' id='word_1_19' title='bbox 507 551 706 593; x_wconf 92' lang='lat' dir='ltr'>Antonio</span> <span class='ocrx_word' id='word_1_20' title='bbox 734 565 814 592; x_wconf 91' lang='lat' dir='ltr'>nec</span> <span class='ocrx_word' id='word_1_21' title='bbox 840 551 895 591; x_wconf 92' lang='lat' dir='ltr'>de</span> <span class='ocrx_word' id='word_1_22' title='bbox 921 556 1042 591; x_wconf 90' lang='lat' dir='ltr'>certo</span> <span class='ocrx_word' id='word_1_23' title='bbox 1069 562 1293 604; x_wconf 89' lang='lat' dir='ltr'>quoquam</span> <span class='ocrx_word' id='word_1_24' title='bbox 1320 548 1414 588; x_wconf 92' lang='lat' dir='ltr'>viro</span> <span class='ocrx_word' id='word_1_25' title='bbox 1442 562 1585 589; x_wconf 90' lang='lat' dir='ltr'>sermo</span> <span class='ocrx_word' id='word_1_26' title='bbox 1603 562 1697 590; x_wconf 91' lang='lat' dir='ltr'>esse</span> 
     </span>
     <span class='ocr_line' id='line_1_5' title="bbox 206 625 1696 686; baseline -0.003 -15"><span class='ocrx_word' id='word_1_27' title='bbox 206 630 355 686; x_wconf 87' lang='lat' dir='ltr'>possit.</span> <span class='ocrx_word' id='word_1_28' title='bbox 389 629 648 670; x_wconf 84' lang='lat' dir='ltr'>Rectissime</span> <span class='ocrx_word' id='word_1_29' title='bbox 674 629 791 669; x_wconf 92' lang='lat' dir='ltr'>idem</span> <span class='ocrx_word' id='word_1_30' title='bbox 818 628 1031 668; x_wconf 89' lang='lat' dir='ltr'>iudicasse</span> <span class='ocrx_word' id='word_1_31' title='bbox 1058 633 1102 667; x_wconf 88' lang='lat' dir='ltr'>et</span> <span class='ocrx_word' id='word_1_32' title='bbox 1128 625 1448 679; x_wconf 85' lang='lat' dir='ltr'>elegantissime</span> <span class='ocrx_word' id='word_1_33' title='bbox 1466 625 1696 679; x_wconf 87' lang='lat' dir='ltr'>protulisse</span> 
     </span>
     <span class='ocr_line' id='line_1_6' title="bbox 205 702 1696 759; baseline -0.003 -12"><span class='ocrx_word' id='word_1_34' title='bbox 205 707 378 748; x_wconf 89' lang='lat' dir='ltr'>videtur</span> <span class='ocrx_word' id='word_1_35' title='bbox 434 706 539 746; x_wconf 91' lang='lat' dir='ltr'>mihi</span> <span class='ocrx_word' id='word_1_36' title='bbox 599 705 974 759; x_wconf 80' lang='lat' dir='ltr'>Rosenbergius1)</span> <span class='ocrx_word' id='word_1_37' title='bbox 1035 717 1107 753; x_wconf 88' lang='lat' dir='ltr'>„es</span> <span class='ocrx_word' id='word_1_38' title='bbox 1159 703 1354 756; x_wconf 79' lang='lat' dir='ltr'>gehoren</span> <span class='ocrx_word' id='word_1_39' title='bbox 1402 702 1468 743; x_wconf 76' lang='lat' dir='ltr'>fur</span> <span class='ocrx_word' id='word_1_40' title='bbox 1515 703 1696 756; x_wconf 88' lang='lat' dir='ltr'>gewisse</span> 
     </span>
     <span class='ocr_line' id='line_1_7' title="bbox 207 779 1697 837; baseline -0.004 -12"><span class='ocrx_word' id='word_1_41' title='bbox 207 783 374 826; x_wconf 90' lang='lat' dir='ltr'>Urteile</span> <span class='ocrx_word' id='word_1_42' title='bbox 405 784 587 837; x_wconf 87' lang='lat' dir='ltr'>gewisse</span> <span class='ocrx_word' id='word_1_43' title='bbox 621 783 789 824; x_wconf 89' lang='lat' dir='ltr'>Reihen</span> <span class='ocrx_word' id='word_1_44' title='bbox 822 795 908 822; x_wconf 91' lang='lat' dir='ltr'>von</span> <span class='ocrx_word' id='word_1_45' title='bbox 941 779 1184 822; x_wconf 85' lang='lat' dir='ltr'>Gedanken</span> <span class='ocrx_word' id='word_1_46' title='bbox 1211 779 1299 821; x_wconf 91' lang='lat' dir='ltr'>uud</span> <span class='ocrx_word' id='word_1_47' title='bbox 1328 779 1513 820; x_wconf 88' lang='lat' dir='ltr'>Worten</span> <span class='ocrx_word' id='word_1_48' title='bbox 1534 779 1697 833; x_wconf 90' lang='lat' dir='ltr'>gleich-</span> 
     </span>
     <span class='ocr_line' id='line_1_8' title="bbox 207 856 1697 910; baseline -0.003 -9"><span class='ocrx_word' id='word_1_49' title='bbox 207 875 302 901; x_wconf 87' lang='lat' dir='ltr'>sam</span> <span class='ocrx_word' id='word_1_50' title='bbox 343 874 429 901; x_wconf 93' lang='lat' dir='ltr'>von</span> <span class='ocrx_word' id='word_1_51' title='bbox 470 860 604 902; x_wconf 90' lang='lat' dir='ltr'>selbst</span> <span class='ocrx_word' id='word_1_52' title='bbox 646 858 923 901; x_wconf 91' lang='lat' dir='ltr'>zusammen”</span> <span class='ocrx_word' id='word_1_53' title='bbox 965 882 1024 888; x_wconf 81' lang='lat'>—</span> <span class='ocrx_word' id='word_1_54' title='bbox 1060 857 1283 898; x_wconf 90' lang='lat' dir='ltr'>verissime</span> <span class='ocrx_word' id='word_1_55' title='bbox 1315 857 1356 897; x_wconf 89' lang='lat' dir='ltr'>in</span> <span class='ocrx_word' id='word_1_56' title='bbox 1389 857 1493 910; x_wconf 90' lang='lat' dir='ltr'>ipsis</span> <span class='ocrx_word' id='word_1_57' title='bbox 1525 856 1697 898; x_wconf 82' lang='lat' dir='ltr'>Horatii</span> 
     </span>
     <span class='ocr_line' id='line_1_9' title="bbox 208 934 1696 980; baseline -0.003 -1"><span class='ocrx_word' id='word_1_58' title='bbox 208 938 470 980; x_wconf 81' lang='lat' dir='ltr'>carminibus</span> <span class='ocrx_word' id='word_1_59' title='bbox 513 938 556 978; x_wconf 93' lang='lat' dir='ltr'>id</span> <span class='ocrx_word' id='word_1_60' title='bbox 597 937 689 978; x_wconf 88' lang='lat' dir='ltr'>fieri</span> <span class='ocrx_word' id='word_1_61' title='bbox 732 949 861 977; x_wconf 90' lang='lat' dir='ltr'>nemo</span> <span class='ocrx_word' id='word_1_62' title='bbox 903 949 991 976; x_wconf 92' lang='lat' dir='ltr'>non</span> <span class='ocrx_word' id='word_1_63' title='bbox 1033 934 1241 976; x_wconf 82' lang='lat' dir='ltr'>fatebitur</span> <span class='ocrx_word' id='word_1_64' title='bbox 1271 958 1329 963; x_wconf 93' lang='lat'>—</span> <span class='ocrx_word' id='word_1_65' title='bbox 1360 934 1512 974; x_wconf 89' lang='lat' dir='ltr'>sodass</span> <span class='ocrx_word' id='word_1_66' title='bbox 1543 934 1605 974; x_wconf 86' lang='lat' dir='ltr'>sie</span> <span class='ocrx_word' id='word_1_67' title='bbox 1638 934 1696 975; x_wconf 92' lang='lat' dir='ltr'>im</span> 
     </span>
     <span class='ocr_line' id='line_1_10' title="bbox 208 1010 1698 1069; baseline -0.003 -13"><span class='ocrx_word' id='word_1_68' title='bbox 208 1015 428 1056; x_wconf 91' lang='lat' dir='ltr'>einzelnen</span> <span class='ocrx_word' id='word_1_69' title='bbox 455 1028 534 1069; x_wconf 88' lang='lat' dir='ltr'>gar</span> <span class='ocrx_word' id='word_1_70' title='bbox 556 1013 676 1055; x_wconf 89' lang='lat' dir='ltr'>nicht</span> <span class='ocrx_word' id='word_1_71' title='bbox 703 1013 828 1054; x_wconf 90' lang='lat' dir='ltr'>mehr</span> <span class='ocrx_word' id='word_1_72' title='bbox 855 1011 1119 1066; x_wconf 87' lang='lat' dir='ltr'>empfunden</span> <span class='ocrx_word' id='word_1_73' title='bbox 1147 1011 1345 1053; x_wconf 89' lang='lat' dir='ltr'>werden:</span> <span class='ocrx_word' id='word_1_74' title='bbox 1370 1011 1458 1052; x_wconf 91' lang='lat' dir='ltr'>und</span> <span class='ocrx_word' id='word_1_75' title='bbox 1474 1024 1524 1051; x_wconf 92' lang='lat' dir='ltr'>so</span> <span class='ocrx_word' id='word_1_76' title='bbox 1540 1010 1698 1064; x_wconf 77' lang='lat' dir='ltr'>gehort</span> 
     </span>
     <span class='ocr_line' id='line_1_11' title="bbox 208 1087 1695 1145; baseline -0.002 -12"><span class='ocrx_word' id='word_1_77' title='bbox 208 1093 285 1133; x_wconf 91' lang='lat' dir='ltr'>der</span> <span class='ocrx_word' id='word_1_78' title='bbox 329 1092 568 1145; x_wconf 84' lang='lat' dir='ltr'>„Tyrann”</span> <span class='ocrx_word' id='word_1_79' title='bbox 612 1091 691 1132; x_wconf 92' lang='lat' dir='ltr'>mit</span> <span class='ocrx_word' id='word_1_80' title='bbox 723 1105 774 1131; x_wconf 88' lang='lat' dir='ltr'>zu</span> <span class='ocrx_word' id='word_1_81' title='bbox 806 1090 890 1130; x_wconf 91' lang='lat' dir='ltr'>den</span> <span class='ocrx_word' id='word_1_82' title='bbox 923 1088 1265 1131; x_wconf 86' lang='lat' dir='ltr'>Schrecknissen</span> <span class='ocrx_word' id='word_1_83' title='bbox 1297 1088 1374 1129; x_wconf 91' lang='lat' dir='ltr'>des</span> <span class='ocrx_word' id='word_1_84' title='bbox 1408 1087 1695 1130; x_wconf 88' lang='lat' dir='ltr'>Altertums&#39;&#39;.</span> 
     </span>
     <span class='ocr_line' id='line_1_12' title="bbox 208 1164 1701 1223; baseline -0.003 -13"><span class='ocrx_word' id='word_1_85' title='bbox 208 1170 329 1210; x_wconf 90' lang='lat' dir='ltr'>Idem</span> <span class='ocrx_word' id='word_1_86' title='bbox 358 1182 489 1223; x_wconf 92' lang='lat' dir='ltr'>porro</span> <span class='ocrx_word' id='word_1_87' title='bbox 516 1168 720 1222; x_wconf 89' lang='lat' dir='ltr'>equidem</span> <span class='ocrx_word' id='word_1_88' title='bbox 748 1167 980 1208; x_wconf 92' lang='lat' dir='ltr'>dicendum</span> <span class='ocrx_word' id='word_1_89' title='bbox 1008 1179 1101 1206; x_wconf 90' lang='lat' dir='ltr'>esse</span> <span class='ocrx_word' id='word_1_90' title='bbox 1118 1179 1275 1206; x_wconf 92' lang='lat' dir='ltr'>censeo</span> <span class='ocrx_word' id='word_1_91' title='bbox 1293 1166 1347 1206; x_wconf 92' lang='lat' dir='ltr'>de</span> <span class='ocrx_word' id='word_1_92' title='bbox 1366 1165 1497 1214; x_wconf 83' lang='lat' dir='ltr'>„duce</span> <span class='ocrx_word' id='word_1_93' title='bbox 1513 1164 1701 1218; x_wconf 79' lang='lat' dir='ltr'>inquieti</span> 
     </span>
     <span class='ocr_line' id='line_1_13' title="bbox 209 1243 1699 1300; baseline -0.003 -13"><span class='ocrx_word' id='word_1_94' title='bbox 209 1245 440 1287; x_wconf 76' lang='lat' dir='ltr'>Hadr2·ae&#39;&#39;</span> <span class='ocrx_word' id='word_1_95' title='bbox 474 1252 606 1300; x_wconf 90' lang='lat' dir='ltr'>atque</span> <span class='ocrx_word' id='word_1_96' title='bbox 633 1244 912 1286; x_wconf 88' lang='lat' dir='ltr'>insulsissime</span> <span class='ocrx_word' id='word_1_97' title='bbox 938 1257 1042 1284; x_wconf 91' lang='lat' dir='ltr'>sane</span> <span class='ocrx_word' id='word_1_98' title='bbox 1069 1250 1288 1297; x_wconf 87' lang='lat' dir='ltr'>poetaque</span> <span class='ocrx_word' id='word_1_99' title='bbox 1315 1256 1493 1296; x_wconf 89' lang='lat' dir='ltr'>prorsus</span> <span class='ocrx_word' id='word_1_100' title='bbox 1521 1243 1699 1296; x_wconf 88' lang='lat' dir='ltr'>indigna</span> 
     </span>
     <span class='ocr_line' id='line_1_14' title="bbox 210 1320 1699 1374; baseline -0.003 -9"><span class='ocrx_word' id='word_1_101' title='bbox 210 1324 377 1365; x_wconf 88' lang='lat' dir='ltr'>ratione</span> <span class='ocrx_word' id='word_1_102' title='bbox 408 1323 677 1364; x_wconf 85' lang='lat' dir='ltr'>enuntiasset</span> <span class='ocrx_word' id='word_1_103' title='bbox 705 1321 916 1363; x_wconf 86' lang='lat' dir='ltr'>Horatius</span> <span class='ocrx_word' id='word_1_104' title='bbox 942 1320 1026 1361; x_wconf 91' lang='lat' dir='ltr'>hoc</span> <span class='ocrx_word' id='word_1_105' title='bbox 1054 1321 1174 1361; x_wconf 88' lang='lat' dir='ltr'>loco:</span> <span class='ocrx_word' id='word_1_106' title='bbox 1204 1320 1455 1374; x_wconf 85' lang='lat' dir='ltr'>Augustum</span> <span class='ocrx_word' id='word_1_107' title='bbox 1473 1320 1699 1361; x_wconf 82' lang='lat' dir='ltr'>Romanos</span> 
     </span>
     <span class='ocr_line' id='line_1_15' title="bbox 209 1397 1699 1451; baseline -0.003 -9"><span class='ocrx_word' id='word_1_108' title='bbox 209 1401 385 1442; x_wconf 85' lang='lat' dir='ltr'>duxisse</span> <span class='ocrx_word' id='word_1_109' title='bbox 403 1400 584 1441; x_wconf 87' lang='lat' dir='ltr'>Actium</span> <span class='ocrx_word' id='word_1_110' title='bbox 603 1399 738 1449; x_wconf 77' lang='lat' dir='ltr'>„uber</span> <span class='ocrx_word' id='word_1_111' title='bbox 751 1399 820 1440; x_wconf 92' lang='lat' dir='ltr'>die</span> <span class='ocrx_word' id='word_1_112' title='bbox 832 1398 1121 1439; x_wconf 79' lang='lat' dir='ltr'>sturmischen</span> <span class='ocrx_word' id='word_1_113' title='bbox 1134 1398 1306 1451; x_wconf 90' lang='lat' dir='ltr'>Wogen</span> <span class='ocrx_word' id='word_1_114' title='bbox 1319 1397 1395 1438; x_wconf 92' lang='lat' dir='ltr'>des</span> <span class='ocrx_word' id='word_1_115' title='bbox 1407 1397 1699 1438; x_wconf 89' lang='lat' dir='ltr'>adriatischen</span> 
     </span>
     <span class='ocr_line' id='line_1_16' title="bbox 209 1475 1698 1530; baseline -0.003 -11"><span class='ocrx_word' id='word_1_116' title='bbox 209 1479 380 1519; x_wconf 88' lang='lat' dir='ltr'>Meeres</span> <span class='ocrx_word' id='word_1_117' title='bbox 426 1477 544 1518; x_wconf 85' lang='lat' dir='ltr'>hin&#39;&#39;.</span> <span class='ocrx_word' id='word_1_118' title='bbox 593 1476 728 1530; x_wconf 79' lang='lat' dir='ltr'>Quasi</span> <span class='ocrx_word' id='word_1_119' title='bbox 775 1476 860 1516; x_wconf 92' lang='lat' dir='ltr'>hoc</span> <span class='ocrx_word' id='word_1_120' title='bbox 903 1482 1177 1529; x_wconf 87' lang='lat' dir='ltr'>reputaretur</span> <span class='ocrx_word' id='word_1_121' title='bbox 1218 1481 1350 1529; x_wconf 92' lang='lat' dir='ltr'>caput</span> <span class='ocrx_word' id='word_1_122' title='bbox 1394 1475 1504 1515; x_wconf 92' lang='lat' dir='ltr'>illius</span> <span class='ocrx_word' id='word_1_123' title='bbox 1546 1475 1698 1529; x_wconf 91' lang='lat' dir='ltr'>proelii</span> 
     </span>
     <span class='ocr_line' id='line_1_17' title="bbox 209 1551 1700 1609; baseline -0.002 -13"><span class='ocrx_word' id='word_1_124' title='bbox 209 1555 408 1609; x_wconf 84' lang='lat' dir='ltr'>gloriosi!</span> <span class='ocrx_word' id='word_1_125' title='bbox 443 1554 622 1595; x_wconf 90' lang='lat' dir='ltr'>Minime</span> <span class='ocrx_word' id='word_1_126' title='bbox 654 1553 780 1594; x_wconf 88' lang='lat' dir='ltr'>vero!</span> <span class='ocrx_word' id='word_1_127' title='bbox 815 1554 907 1607; x_wconf 88' lang='lat' dir='ltr'>ipse</span> <span class='ocrx_word' id='word_1_128' title='bbox 939 1553 1108 1594; x_wconf 86' lang='lat' dir='ltr'>Hadria</span> <span class='ocrx_word' id='word_1_129' title='bbox 1139 1553 1255 1606; x_wconf 90' lang='lat' dir='ltr'>apud</span> <span class='ocrx_word' id='word_1_130' title='bbox 1288 1558 1477 1606; x_wconf 91' lang='lat' dir='ltr'>poetam,</span> <span class='ocrx_word' id='word_1_131' title='bbox 1513 1551 1700 1605; x_wconf 79' lang='lat' dir='ltr'>„gehort</span> 
     </span>
     <span class='ocr_line' id='line_1_18' title="bbox 210 1628 1698 1683; baseline -0.004 -9"><span class='ocrx_word' id='word_1_132' title='bbox 210 1634 288 1674; x_wconf 93' lang='lat' dir='ltr'>mit</span> <span class='ocrx_word' id='word_1_133' title='bbox 321 1647 372 1674; x_wconf 90' lang='lat' dir='ltr'>zu</span> <span class='ocrx_word' id='word_1_134' title='bbox 405 1632 489 1673; x_wconf 93' lang='lat' dir='ltr'>den</span> <span class='ocrx_word' id='word_1_135' title='bbox 523 1630 864 1673; x_wconf 89' lang='lat' dir='ltr'>Schrecknissen</span> <span class='ocrx_word' id='word_1_136' title='bbox 896 1630 972 1671; x_wconf 89' lang='lat' dir='ltr'>des</span> <span class='ocrx_word' id='word_1_137' title='bbox 1005 1630 1278 1672; x_wconf 87' lang='lat' dir='ltr'>Altertums&#39;&#39;</span> <span class='ocrx_word' id='word_1_138' title='bbox 1314 1642 1454 1683; x_wconf 88' lang='lat' dir='ltr'>neque</span> <span class='ocrx_word' id='word_1_139' title='bbox 1487 1628 1633 1669; x_wconf 91' lang='lat' dir='ltr'>hercle</span> <span class='ocrx_word' id='word_1_140' title='bbox 1663 1628 1698 1668; x_wconf 92' lang='lat' dir='ltr'>si</span> 
     </span>
     <span class='ocr_line' id='line_1_19' title="bbox 211 1705 1700 1763; baseline -0.003 -13"><span class='ocrx_word' id='word_1_141' title='bbox 211 1710 391 1751; x_wconf 90' lang='lat' dir='ltr'>Actium</span> <span class='ocrx_word' id='word_1_142' title='bbox 448 1709 735 1763; x_wconf 89' lang='lat' dir='ltr'>Hispanicum</span> <span class='ocrx_word' id='word_1_143' title='bbox 795 1707 945 1749; x_wconf 93' lang='lat' dir='ltr'>fuisset</span> <span class='ocrx_word' id='word_1_144' title='bbox 992 1721 1078 1748; x_wconf 93' lang='lat' dir='ltr'>non</span> <span class='ocrx_word' id='word_1_145' title='bbox 1127 1706 1344 1748; x_wconf 90' lang='lat' dir='ltr'>Graecum</span> <span class='ocrx_word' id='word_1_146' title='bbox 1392 1706 1599 1747; x_wconf 87' lang='lat' dir='ltr'>tacuisset</span> <span class='ocrx_word' id='word_1_147' title='bbox 1646 1705 1700 1746; x_wconf 90' lang='lat' dir='ltr'>de</span> 
     </span>
     <span class='ocr_line' id='line_1_20' title="bbox 211 1783 1699 1840; baseline -0.003 -13"><span class='ocrx_word' id='word_1_148' title='bbox 211 1787 390 1836; x_wconf 88' lang='lat' dir='ltr'>Hadria,</span> <span class='ocrx_word' id='word_1_149' title='bbox 425 1793 472 1828; x_wconf 86' lang='lat' dir='ltr'>ut</span> <span class='ocrx_word' id='word_1_150' title='bbox 504 1786 671 1840; x_wconf 87' lang='lat' dir='ltr'>opinor.</span> <span class='ocrx_word' id='word_1_151' title='bbox 707 1784 824 1838; x_wconf 74' lang='lat' dir='ltr'>Quid</span> <span class='ocrx_word' id='word_1_152' title='bbox 856 1784 975 1839; x_wconf 90' lang='lat' dir='ltr'>quod</span> <span class='ocrx_word' id='word_1_153' title='bbox 1009 1783 1151 1826; x_wconf 88' lang='lat' dir='ltr'>Carm.</span> <span class='ocrx_word' id='word_1_154' title='bbox 1186 1785 1239 1834; x_wconf 90' lang='lat' dir='ltr'>II,</span> <span class='ocrx_word' id='word_1_155' title='bbox 1282 1796 1330 1834; x_wconf 89' lang='lat'>14</span> <span class='ocrx_word' id='word_1_156' title='bbox 1363 1784 1549 1825; x_wconf 90' lang='lat' dir='ltr'>eundem</span> <span class='ocrx_word' id='word_1_157' title='bbox 1581 1796 1699 1824; x_wconf 91' lang='lat' dir='ltr'>com—</span> 
     </span>
     <span class='ocr_line' id='line_1_21' title="bbox 211 1861 1357 1910; baseline -0.002 -6"><span class='ocrx_word' id='word_1_158' title='bbox 211 1870 425 1904; x_wconf 86' lang='lat' dir='ltr'>memorat</span> <span class='ocrx_word' id='word_1_159' title='bbox 458 1862 672 1904; x_wconf 88' lang='lat' dir='ltr'>Austrum</span> <span class='ocrx_word' id='word_1_160' title='bbox 705 1862 898 1903; x_wconf 91' lang='lat' dir='ltr'>eiusdem</span> <span class='ocrx_word' id='word_1_161' title='bbox 932 1862 1076 1910; x_wconf 89' lang='lat' dir='ltr'>„rauci</span> <span class='ocrx_word' id='word_1_162' title='bbox 1109 1861 1357 1902; x_wconf 88' lang='lat' dir='ltr'>Hadriae?’&#39;</span> 
     </span>
    </p>

    <p class='ocr_par' dir='ltr' id='par_1_3' title="bbox 210 1938 1699 2148">
     <span class='ocr_line' id='line_1_22' title="bbox 271 1938 1699 1993; baseline -0.002 -12"><span class='ocrx_word' id='word_1_163' title='bbox 271 1941 319 1981; x_wconf 91' lang='lat' dir='ltr'>In</span> <span class='ocrx_word' id='word_1_164' title='bbox 351 1940 655 1981; x_wconf 87' lang='lat' dir='ltr'>venustissima</span> <span class='ocrx_word' id='word_1_165' title='bbox 687 1939 757 1980; x_wconf 91' lang='lat' dir='ltr'>illa</span> <span class='ocrx_word' id='word_1_166' title='bbox 784 1938 869 1980; x_wconf 91' lang='lat' dir='ltr'>oda</span> <span class='ocrx_word' id='word_1_167' title='bbox 896 1952 1009 1993; x_wconf 91' lang='lat' dir='ltr'>quae</span> <span class='ocrx_word' id='word_1_168' title='bbox 1037 1939 1187 1992; x_wconf 83' lang='lat' dir='ltr'>incipit</span> <span class='ocrx_word' id='word_1_169' title='bbox 1214 1938 1396 1988; x_wconf 85' lang='lat' dir='ltr'>„Donec</span> <span class='ocrx_word' id='word_1_170' title='bbox 1412 1944 1562 1991; x_wconf 88' lang='lat' dir='ltr'>gratus</span> <span class='ocrx_word' id='word_1_171' title='bbox 1579 1951 1699 1978; x_wconf 90' lang='lat' dir='ltr'>eram</span> 
     </span>
     <span class='ocr_line' id='line_1_23' title="bbox 210 2015 1699 2071; baseline -0.003 -13"><span class='ocrx_word' id='word_1_172' title='bbox 210 2017 318 2058; x_wconf 90' lang='lat' dir='ltr'>tibi&#39;&#39;</span> <span class='ocrx_word' id='word_1_173' title='bbox 352 2017 541 2071; x_wconf 89' lang='lat' dir='ltr'>puellam</span> <span class='ocrx_word' id='word_1_174' title='bbox 573 2030 696 2058; x_wconf 91' lang='lat' dir='ltr'>suam</span> <span class='ocrx_word' id='word_1_175' title='bbox 729 2016 944 2057; x_wconf 90' lang='lat' dir='ltr'>horridius</span> <span class='ocrx_word' id='word_1_176' title='bbox 977 2016 1035 2056; x_wconf 91' lang='lat' dir='ltr'>nil</span> <span class='ocrx_word' id='word_1_177' title='bbox 1062 2016 1211 2070; x_wconf 86' lang='lat' dir='ltr'>utique</span> <span class='ocrx_word' id='word_1_178' title='bbox 1238 2016 1461 2056; x_wconf 89' lang='lat' dir='ltr'>inveniens</span> <span class='ocrx_word' id='word_1_179' title='bbox 1487 2027 1586 2056; x_wconf 91' lang='lat' dir='ltr'>cum</span> <span class='ocrx_word' id='word_1_180' title='bbox 1604 2015 1699 2068; x_wconf 92' lang='lat' dir='ltr'>ipso</span> 
     </span>
     <span class='ocr_line' id='line_1_24' title="bbox 212 2094 659 2148; baseline 0 -13"><span class='ocrx_word' id='word_1_181' title='bbox 212 2094 380 2135; x_wconf 90' lang='lat' dir='ltr'>Hadria</span> <span class='ocrx_word' id='word_1_182' title='bbox 411 2100 659 2148; x_wconf 91' lang='lat' dir='ltr'>comparat:</span> 
     </span>
    </p>
   </div>
   <div class='ocr_carea' id='block_1_3' title="bbox 496 2203 1444 2424">
    <p class='ocr_par' dir='ltr' id='par_1_4' title="bbox 498 2203 1114 2250">
     <span class='ocr_line' id='line_1_25' title="bbox 498 2203 1114 2250; baseline 0 -13"><span class='ocrx_word' id='word_1_183' title='bbox 498 2205 748 2250; x_wconf 80' lang='lat' dir='ltr'>»Quanquam</span> <span class='ocrx_word' id='word_1_184' title='bbox 775 2203 896 2238; x_wconf 88' lang='lat' dir='ltr'>sidere</span> <span class='ocrx_word' id='word_1_185' title='bbox 921 2203 1114 2249; x_wconf 90' lang='lat' dir='ltr'>pulchrior</span> 
     </span>
    </p>

    <p class='ocr_par' dir='ltr' id='par_1_5' title="bbox 496 2262 1287 2366">
     <span class='ocr_line' id='line_1_26' title="bbox 496 2262 1287 2308; baseline -0.001 -10"><span class='ocrx_word' id='word_1_186' title='bbox 496 2265 564 2299; x_wconf 84' lang='lat' dir='ltr'>Ille</span> <span class='ocrx_word' id='word_1_187' title='bbox 589 2270 656 2305; x_wconf 83' lang='lat' dir='ltr'>est,</span> <span class='ocrx_word' id='word_1_188' title='bbox 682 2270 721 2298; x_wconf 88' lang='lat' dir='ltr'>tu</span> <span class='ocrx_word' id='word_1_189' title='bbox 748 2263 865 2297; x_wconf 91' lang='lat' dir='ltr'>levior</span> <span class='ocrx_word' id='word_1_190' title='bbox 890 2263 1027 2297; x_wconf 90' lang='lat' dir='ltr'>cortice</span> <span class='ocrx_word' id='word_1_191' title='bbox 1052 2268 1089 2297; x_wconf 86' lang='lat' dir='ltr'>et</span> <span class='ocrx_word' id='word_1_192' title='bbox 1114 2262 1287 2308; x_wconf 91' lang='lat' dir='ltr'>improbo</span> 
     </span>
     <span class='ocr_line' id='line_1_27' title="bbox 498 2322 897 2366; baseline -0.003 -9"><span class='ocrx_word' id='word_1_193' title='bbox 498 2323 716 2357; x_wconf 89' lang='lat' dir='ltr'>Iracundior</span> <span class='ocrx_word' id='word_1_194' title='bbox 742 2322 897 2366; x_wconf 84' lang='lat' dir='ltr'>Hadria,</span> 
     </span>
    </p>

    <p class='ocr_par' dir='ltr' id='par_1_6' title="bbox 496 2380 1444 2424">
     <span class='ocr_line' id='line_1_28' title="bbox 496 2380 1444 2424; baseline -0.002 -8"><span class='ocrx_word' id='word_1_195' title='bbox 496 2383 639 2416; x_wconf 91' lang='lat' dir='ltr'>Tecum</span> <span class='ocrx_word' id='word_1_196' title='bbox 665 2382 792 2416; x_wconf 88' lang='lat' dir='ltr'>vivere</span> <span class='ocrx_word' id='word_1_197' title='bbox 818 2391 954 2424; x_wconf 88' lang='lat' dir='ltr'>amem,</span> <span class='ocrx_word' id='word_1_198' title='bbox 980 2387 1104 2415; x_wconf 89' lang='lat' dir='ltr'>tecum</span> <span class='ocrx_word' id='word_1_199' title='bbox 1129 2381 1263 2415; x_wconf 88' lang='lat' dir='ltr'>obeam</span> <span class='ocrx_word' id='word_1_200' title='bbox 1288 2380 1444 2415; x_wconf 87' lang='lat' dir='ltr'>libens.‘’</span> 
     </span>
    </p>
   </div>
   <div class='ocr_carea' id='block_1_4' title="bbox 215 2488 1700 2774">
    <p class='ocr_par' dir='ltr' id='par_1_7' title="bbox 215 2488 1700 2774">
     <span class='ocr_line' id='line_1_29' title="bbox 274 2488 1699 2543; baseline -0.003 -12"><span class='ocrx_word' id='word_1_201' title='bbox 274 2490 339 2532; x_wconf 85' lang='lat' dir='ltr'>At</span> <span class='ocrx_word' id='word_1_202' title='bbox 380 2491 434 2531; x_wconf 92' lang='lat' dir='ltr'>sit</span> <span class='ocrx_word' id='word_1_203' title='bbox 477 2489 638 2531; x_wconf 90' lang='lat' dir='ltr'>insulsa</span> <span class='ocrx_word' id='word_1_204' title='bbox 668 2489 785 2530; x_wconf 89' lang='lat' dir='ltr'>dicat</span> <span class='ocrx_word' id='word_1_205' title='bbox 816 2488 1044 2543; x_wconf 87' lang='lat' dir='ltr'>quispiam,</span> <span class='ocrx_word' id='word_1_206' title='bbox 1079 2488 1337 2542; x_wconf 89' lang='lat' dir='ltr'>significatio</span> <span class='ocrx_word' id='word_1_207' title='bbox 1369 2502 1394 2528; x_wconf 91' lang='lat' dir='ltr'>a</span> <span class='ocrx_word' id='word_1_208' title='bbox 1425 2488 1699 2527; x_wconf 87' lang='lat' dir='ltr'>Mommseno</span> 
     </span>
     <span class='ocr_line' id='line_1_30' title="bbox 215 2563 1699 2619; baseline -0.003 -11"><span class='ocrx_word' id='word_1_209' title='bbox 215 2581 238 2608; x_wconf 87' lang='lat' dir='ltr'>e</span> <span class='ocrx_word' id='word_1_210' title='bbox 285 2568 481 2608; x_wconf 90' lang='lat' dir='ltr'>versibus</span> <span class='ocrx_word' id='word_1_211' title='bbox 527 2567 696 2618; x_wconf 83' lang='lat' dir='ltr'>hausta,</span> <span class='ocrx_word' id='word_1_212' title='bbox 743 2565 847 2619; x_wconf 92' lang='lat' dir='ltr'>quid</span> <span class='ocrx_word' id='word_1_213' title='bbox 889 2565 989 2605; x_wconf 92' lang='lat' dir='ltr'>inde</span> <span class='ocrx_word' id='word_1_214' title='bbox 1032 2563 1328 2605; x_wconf 86' lang='lat' dir='ltr'>concluditur?</span> <span class='ocrx_word' id='word_1_215' title='bbox 1369 2563 1537 2604; x_wconf 91' lang='lat' dir='ltr'>Insulsa</span> <span class='ocrx_word' id='word_1_216' title='bbox 1567 2569 1699 2617; x_wconf 91' lang='lat' dir='ltr'>atque</span> 
     </span>
     <span class='ocr_line' id='line_1_31' title="bbox 216 2639 1700 2697; baseline -0.003 -13"><span class='ocrx_word' id='word_1_217' title='bbox 216 2645 363 2697; x_wconf 87' lang='lat' dir='ltr'>inepta</span> <span class='ocrx_word' id='word_1_218' title='bbox 420 2644 599 2684; x_wconf 92' lang='lat' dir='ltr'>inveniri</span> <span class='ocrx_word' id='word_1_219' title='bbox 655 2656 741 2683; x_wconf 92' lang='lat' dir='ltr'>non</span> <span class='ocrx_word' id='word_1_220' title='bbox 800 2656 897 2682; x_wconf 90' lang='lat' dir='ltr'>raro</span> <span class='ocrx_word' id='word_1_221' title='bbox 949 2642 1065 2695; x_wconf 91' lang='lat' dir='ltr'>apud</span> <span class='ocrx_word' id='word_1_222' title='bbox 1112 2641 1227 2682; x_wconf 90' lang='lat' dir='ltr'>hunc</span> <span class='ocrx_word' id='word_1_223' title='bbox 1273 2647 1462 2695; x_wconf 84' lang='lat' dir='ltr'>poetam,</span> <span class='ocrx_word' id='word_1_224' title='bbox 1509 2639 1700 2681; x_wconf 87' lang='lat' dir='ltr'>ostendit</span> 
     </span>
     <span class='ocr_line' id='line_1_32' title="bbox 215 2716 1699 2774; baseline -0.003 -13"><span class='ocrx_word' id='word_1_225' title='bbox 215 2734 351 2774; x_wconf 88' lang='lat' dir='ltr'>nuper</span> <span class='ocrx_word' id='word_1_226' title='bbox 397 2734 495 2761; x_wconf 91' lang='lat' dir='ltr'>cum</span> <span class='ocrx_word' id='word_1_227' title='bbox 537 2733 614 2761; x_wconf 86' lang='lat' dir='ltr'>sua</span> <span class='ocrx_word' id='word_1_228' title='bbox 654 2719 883 2772; x_wconf 84' lang='lat' dir='ltr'>elegantia,</span> <span class='ocrx_word' id='word_1_229' title='bbox 927 2717 1176 2771; x_wconf 87' lang='lat' dir='ltr'>Philologus</span> <span class='ocrx_word' id='word_1_230' title='bbox 1218 2724 1388 2758; x_wconf 90' lang='lat' dir='ltr'>nostras</span> <span class='ocrx_word' id='word_1_231' title='bbox 1429 2716 1525 2770; x_wconf 91' lang='lat' dir='ltr'>plus</span> <span class='ocrx_word' id='word_1_232' title='bbox 1566 2729 1699 2770; x_wconf 89' lang='lat' dir='ltr'>quam</span> 
     </span>
    </p>
   </div>
   <div class='ocr_carea' id='block_1_5' title="bbox 267 2871 563 2916">
    <p class='ocr_par' dir='ltr' id='par_1_8' title="bbox 267 2871 563 2916">
     <span class='ocr_line' id='line_1_33' title="bbox 267 2871 563 2916; baseline -0.003 -11"><span class='ocrx_word' id='word_1_233' title='bbox 267 2874 299 2915; x_wconf 90' lang='lat'>1)</span> <span class='ocrx_word' id='word_1_234' title='bbox 324 2871 373 2906; x_wconf 91' lang='grc'>1.1.</span> <span class='ocrx_word' id='word_1_235' title='bbox 400 2882 483 2916; x_wconf 86' lang='lat' dir='ltr'>pag.</span> <span class='ocrx_word' id='word_1_236' title='bbox 514 2879 563 2912; x_wconf 85' lang='lat'>14.</span> 
     </span>
    </p>
   </div>
  </div>
 </body>
</html>
