1955 3157
968 197 1047 240 137

320 323 385 364 At
412 323 530 364 dicat
561 321 800 375 quispiam:
829 320 936 361 haec
964 318 1166 361 dicuntur
1193 319 1250 359 ab
1277 318 1371 368 illis,
1390 318 1464 373 qui
1481 318 1756 372 captivorum

259 401 576 452 liberationem,
608 413 683 440 seu
711 398 871 440 bellurn
901 397 1153 439 Parthicum
1181 396 1446 447 desiderant,
1474 410 1560 436 non
1588 395 1644 436 ab
1661 396 1757 449 ipso

260 484 404 533 poeta.
439 478 499 519 Et
530 477 767 531 prudenter
797 489 913 517 sane.
944 476 992 516 In
1020 489 1120 516 eum
1148 475 1264 515 enim
1290 486 1378 514 non
1395 472 1572 514 caderet
1589 473 1758 513 Rosen-

260 556 397 609 bergii
441 554 762 595 animadversio
780 554 825 607 1).
875 552 964 594 Sed
1005 553 1098 606 ipse
1130 552 1428 592 Mommsenus
1461 550 1589 603 plane
1621 550 1756 591 dixit:

265 633 360 682 „die
409 632 672 685 Eroberung
719 630 825 671 wird
867 631 962 671 hier
1004 629 1231 670 bestimmt
1271 627 1566 677 verheiszen''‚
1601 641 1758 681 nempe

261 711 318 752 ab
365 709 553 750 Horatio
600 708 842 762 (Augusto)
884 707 1010 748 sicuti
1052 707 1139 747 iam
1181 706 1382 746 vidimus.
1417 704 1463 746 Si
1497 704 1758 745 Mommseni

262 789 392 842 igitur
434 787 671 841 explicatio
709 786 966 836 admittitur,
1000 785 1105 840 quid
1138 784 1231 825 vult
1262 784 1343 824 sibi
1376 783 1559 836 stropha
1591 783 1759 836 prima?

261 865 334 906 Nil
356 870 503 918 potest
522 871 722 918 spectare
740 864 819 904 nisi
838 863 1049 904 fraudem.
1070 861 1235 903 Contra
1252 862 1394 915 ipsum
1414 860 1709 900 Friedrichius
1726 860 1757 912 2)

261 942 454 983 ostendit
502 941 738 982 Horatium
787 940 975 982 voluisse
1017 940 1231 994 proelium
1270 952 1369 980 cum
1412 937 1598 991 Parthis,
1639 936 1760 991 quod

261 1026 383 1062 certo
430 1020 520 1060 veri
568 1026 634 1061 est
680 1019 820 1073 magis
867 1018 1019 1059 simile.
1070 1017 1253 1070 Saepius
1300 1016 1415 1056 enim
1462 1015 1544 1056 hac
1592 1015 1760 1056 ratione

261 1098 523 1138 memoravit
563 1097 659 1137 illos
702 1096 849 1150 populi
883 1095 1031 1136 hostes
1065 1095 1106 1135 in
1139 1095 1242 1148 ipsis
1275 1093 1342 1134 his
1375 1092 1483 1134 odis.
1519 1093 1623 1133 Ideo
1654 1106 1760 1132 vero

262 1188 349 1215 non
397 1175 596 1228 cogimur
643 1174 904 1214 concludere
951 1187 1051 1214 eum
1099 1173 1241 1225 prima
1281 1170 1464 1224 stropha
1506 1169 1760 1223 Augustum

262 1252 442 1293 incitare
475 1251 675 1292 voluisse.
709 1250 816 1291 Mihi
851 1251 979 1298 enim,
1015 1256 1062 1290 ut
1093 1263 1225 1303 supra
1257 1249 1455 1302 exposui,
1489 1254 1555 1288 est
1582 1260 1761 1301 persua-

261 1343 358 1371 sum
418 1331 489 1378 „et
547 1335 724 1382 poetam
784 1331 828 1368 et
890 1334 1058 1368 ceteros
1106 1327 1295 1367 Romani
1343 1326 1521 1366 honoris
1567 1325 1761 1365 vindices

263 1407 440 1447 minime
473 1406 696 1447 dubitasse
727 1406 832 1460 quin
860 1405 1089 1458 Augustus
1117 1403 1278 1445 bellum
1306 1403 1409 1444 illud
1427 1410 1629 1456 gesturus
1647 1409 1762 1444 esset

263 1491 417 1539 postea
445 1486 489 1539 3).
540 1484 775 1539 Reliquum
823 1489 888 1524 est
937 1483 1077 1537 igitur,
1128 1489 1175 1523 ut
1221 1481 1506 1523 admittamus
1552 1486 1762 1535 quattuor

263 1564 431 1618 priores
477 1561 712 1603 versiculos
745 1560 965 1614 prooemii
1004 1560 1149 1601 instar
1180 1573 1287 1600 esse.
1319 1558 1471 1613 Atque
1503 1559 1580 1598 vix
1607 1559 1762 1599 rectio-

265 1655 355 1682 rem
398 1641 615 1681 inveneris
652 1639 1058 1693 interpretationem
1090 1651 1222 1692 quam
1256 1636 1569 1689 Gebhardii4):
1605 1635 1762 1685 „Noch

263 1719 452 1760 donnert
507 1718 705 1771 Iuppiter
751 1717 828 1757 der
875 1716 1142 1769 Romergott
1188 1715 1247 1755 im
1294 1713 1511 1764 Himmel;
1560 1712 1623 1754 als
1669 1714 1761 1754 sein

265 1795 588 1837 Stellvertreter
635 1794 712 1835 auf
757 1794 906 1835 Erden
953 1793 1136 1834 bereitet
1183 1792 1414 1845 Augustus
1461 1791 1762 1844 Suhnekriege

264 1887 407 1928 gegen
439 1874 509 1914 die
545 1872 710 1914 Feinde
738 1871 814 1913 des
842 1870 1088 1912 romischen
1116 1870 1310 1911 Namens
1338 1870 1396 1910 im
1414 1869 1562 1910 fernen
1581 1868 1762 1910 Norden

265 1951 354 1992 und
387 1950 526 1992 Osten
560 1950 681 1991 vor''.

384 2063 425 2104 b.
460 2063 528 2103 De
559 2062 728 2116 reliquo
759 2061 970 2102 carmine.

326 2160 463 2199 Porro
496 2159 538 2199 in
571 2158 738 2212 reliqua
771 2157 975 2198 carminis
1003 2162 1128 2210 parte
1157 2156 1241 2196 hoc
1268 2155 1499 2209 praecipue
1528 2157 1586 2195 ob
1614 2154 1763 2194 oculos

265 2236 516 2278 habendum
549 2242 631 2288 est,
663 2234 783 2290 quod
816 2241 946 2276 antea
978 2233 1131 2274 leviter
1159 2233 1397 2286 attigimus.
1426 2232 1611 2273 Duobus
1630 2232 1765 2273 utitur

266 2313 481 2368 exemplis
524 2313 736 2354 Horatius
783 2318 829 2353 ut
872 2312 1143 2352 iuventutem
1186 2310 1343 2351 doceat
1374 2310 1626 2350 Romanum
1660 2307 1764 2349 illud

266 2397 460 2445 ἀξίωματ
504 2397 595 2442 caut
635 2391 810 2430 vincere
852 2395 927 2430 aut
959 2388 1098 2438 mori',
1133 2402 1206 2428 seu
1241 2401 1320 2441 pro
1352 2387 1527 2427 nomine
1560 2387 1764 2427 Romano

267 2470 326 2509 nil
358 2482 444 2509 non
478 2481 571 2509 esse
604 2466 895 2509 tolerandum.

320 2610 352 2654 1)
379 2610 500 2655 Supra
524 2608 680 2643 laudata
705 2618 790 2653 pag.
821 2616 1016 2651 131-132.

316 2677 353 2719 2)
378 2675 429 2709 1.1.
455 2685 540 2721 pag.
571 2683 647 2717 141.

317 2742 353 2785 3)
378 2741 421 2774 In
447 2740 519 2774 hac
545 2750 585 2773 re
610 2738 946 2773 luculentissimus:
973 2737 1285 2772 Gardthausenus
1309 2737 1407 2781 Aug,
1432 2737 1460 2772 Ι.
1485 2735 1565 2780 463.

316 2807 354 2849 4)
378 2806 429 2841 1.1.
455 2805 503 2840 ad
529 2816 644 2840 carm.
673 2806 737 2848 ΙΙΙ,
765 2811 796 2849 5.
