1955 3157
869 254 920 298 35

202 374 353 429 Atqui,
401 375 437 415 si
484 375 636 415 melior
682 380 840 423 exstat,
889 375 985 428 quis
1027 375 1251 416 meliorem
1295 389 1381 416 non
1414 376 1633 429 praeferat

142 451 481 506 explicationem
497 452 512 492 ?

200 529 298 583 Ipse
340 535 472 582 poeta
503 528 604 569 alibi
636 528 813 570 easdem
846 528 981 570 ferme
1012 530 1250 571 sententias
1283 530 1442 584 coegit,
1476 530 1519 570 in
1551 530 1637 570 oda

144 605 227 655 „ad
260 606 476 647 Lollium'’
510 619 622 659 quae
654 607 785 660 vulgo
817 607 1090 648 inscribitur:

476 724 583 757 »Non
609 723 862 769 possidentem
888 724 1009 758 multa
1036 725 1233 759 vocaveris

474 783 590 817 Recte
615 782 781 826 beatum,
807 783 943 817 rectius
967 789 1127 828 occupat

525 843 674 876 Nomen
699 842 811 886 beati,
837 842 900 887 qui
926 842 1085 877 deorum

569 901 789 936 Muneribus
815 903 1002 947 sapienter
1028 902 1081 936 uti

477 996 697 1042 Duramque
722 997 834 1032 callet
859 997 1077 1043 pauperiem
1104 998 1182 1042 pati

477 1056 661 1101 Peiusque
687 1057 760 1091 leto
787 1057 969 1102 flagitium
997 1057 1106 1092 timet

526 1116 611 1150 Non
637 1116 700 1150 ille
724 1127 793 1161 pro
819 1117 914 1151 caris
939 1116 1071 1151 amicis

572 1175 648 1209 Aut
674 1175 796 1220 patria
822 1175 976 1210 timidus
1001 1175 1156 1221 perire.”

203 1282 428 1337 Quidquid
486 1285 696 1325 sentimus
754 1286 809 1324 de
862 1285 1080 1325 variorum
1130 1283 1382 1325 Carminum
1430 1284 1639 1324 librorum

144 1361 474 1413 compositione,
494 1367 606 1402 teste
625 1360 847 1411 Suetonio,
868 1361 990 1414 (Vita
1008 1361 1180 1402 Horatii
1199 1360 1358 1411 Flacci)
1374 1360 1640 1401 credendum

144 1444 210 1478 est
237 1437 362 1478 nobis
391 1437 572 1478 Librum
599 1438 756 1479 saltem
786 1438 851 1478 IV
879 1452 965 1487 „ex
992 1437 1124 1491 longo
1148 1437 1404 1479 intervallo''
1424 1438 1640 1491 prioribus

145 1528 238 1556 esse
296 1514 506 1556 additum.
566 1515 720 1567 Itaque
778 1515 884 1555 mihi
932 1515 1058 1555 huius
1107 1515 1167 1555 rei
1216 1528 1302 1555 non
1350 1515 1502 1568 ignaro
1549 1514 1640 1554 veri

144 1591 409 1632 simillimum
451 1592 624 1633 videtur
665 1592 899 1633 Horatium
938 1592 1209 1646 praeclarum
1259 1591 1376 1632 illum
1409 1591 1552 1632 locum
1586 1591 1640 1632 de

143 1669 307 1710 virtute
347 1683 404 1710 ex
446 1670 550 1723 ipsis
591 1669 680 1710 suis
722 1669 818 1710 odis
861 1675 991 1710 antea
1023 1669 1280 1723 conscriptis
1313 1669 1639 1722 depromptum,

145 1747 301 1787 iterare
348 1746 549 1796 voluisse,
593 1753 639 1788 ut
681 1746 885 1799 Lollium,
928 1747 1117 1787 amicum
1149 1746 1231 1787 sibi
1263 1747 1404 1787 virum
1448 1746 1641 1786 maxime

145 1823 392 1867 honoraret.
441 1823 582 1878 Quale
624 1825 658 1864 si
701 1825 953 1878 agnovisset
995 1830 1153 1878 poetae
1200 1825 1475 1878 propositum
1510 1823 1641 1864 Hart-

146 1914 330 1942 mannus
378 1902 422 1941 in
468 1901 602 1942 Libro
649 1915 728 1942 suo
770 1915 856 1942 non
899 1901 1011 1942 adeo
1053 1902 1237 1942 fortasse
1280 1915 1430 1942 severe
1448 1900 1480 1956 1)
1514 1901 1641 1942 Lollii

146 1978 276 2019 odam
324 1978 671 2019 condemnasset.
706 1977 831 2031 Quae
864 1985 1011 2020 tamen
1045 1979 1355 2020 condemnatio
1388 1978 1492 2019 mihi
1527 1992 1641 2019 nunc

146 2055 214 2096 vel
261 2055 521 2096 confirmare
562 2055 735 2096 videtur
777 2069 921 2096 meam
954 2056 1218 2109 opinionem.
1255 2055 1402 2096 Habet
1435 2055 1549 2096 enim
1582 2054 1640 2098 l.1.

146 2132 423 2174 doctissimus
479 2132 914 2187 elegantissimusque
971 2133 1182 2186 scriptor:
1232 2132 1466 2186 „Sequitur
1512 2132 1641 2173 Lollii

146 2210 356 2251 virtutum
412 2211 683 2252 enumeratio
740 2210 1020 2264 frigidissima
1075 2211 1448 2264 ineptissimaque,
1507 2224 1639 2264 quam

147 2287 220 2340 qui
253 2301 339 2328 uno
370 2287 468 2328 loco
499 2287 734 2329 emendare
765 2288 911 2328 conati
943 2294 1042 2328 sunt
1071 2287 1148 2327 viri
1177 2287 1294 2328 docti
1323 2287 1429 2327 mihi
1460 2300 1640 2341 operam

147 2364 388 2417 perdidisse
428 2365 643 2406 videntur.
689 2365 900 2405 Primaria
942 2370 1089 2405 antem
1133 2364 1260 2404 Lollii
1298 2364 1436 2404 virtus
1469 2369 1534 2404 est
1565 2364 1640 2404 ab·-

147 2441 364 2491 stinentia‚
407 2441 744 2495 divitiarumque
784 2447 1076 2495 contemptus.
1110 2440 1234 2482 Illam
1266 2455 1373 2495 ergo
1405 2441 1642 2482 lectoribus

148 2593 186 2628 in
220 2604 329 2628 usum
363 2594 543 2628 Horatius
568 2594 662 2629 mihi
687 2594 855 2628 edendus
880 2599 987 2638 esset,
1014 2604 1143 2628 omnes
1169 2599 1234 2627 aut
1261 2593 1338 2627 fere
1363 2604 1493 2628 omnes
1519 2593 1640 2628 Peerl-

148 2652 291 2698 kampii
316 2653 549 2687 coniecturas
573 2653 612 2686 in
637 2659 780 2687 textum
802 2664 881 2687 esse
903 2658 1161 2698 recepturum3
1184 2653 1240 2686 sin
1256 2653 1293 2686 in
1307 2652 1499 2687 doctorum
1515 2653 1641 2698 aliquo

149 2718 337 2747 conventu
374 2712 615 2747 statuendum
653 2719 748 2747 esset
781 2713 874 2758 quid
906 2713 985 2759 ipse
1017 2712 1197 2747 Horatius
1223 2712 1414 2757 scripsisse
1442 2712 1643 2755 videretur,

150 2771 211 2805 vix
237 2771 356 2805 ullum
381 2771 542 2806 traditae
567 2771 736 2806 lectionis
760 2771 886 2806 locum
910 2778 1065 2816 tangere
1090 2782 1151 2806 me
1175 2772 1390 2806 ausurum.”

201 2855 234 2897 1)
259 2854 316 2888 De
343 2855 499 2888 Horatio
525 2855 650 2898 Poeta,
676 2865 760 2899 pag.
788 2862 842 2899 55.
