1955 3157
892 263 943 304 19

183 381 371 421 officium
413 380 469 421 ab
510 380 715 434 Augusto
755 387 859 422 tunc
901 382 1111 436 temporis
1153 383 1191 423 ei
1237 382 1432 423 nondum
1475 383 1671 425 oblatum

183 457 275 500 fuit.
306 458 481 499 Etenim
507 458 543 499 is
563 459 631 499 cui
649 459 871 512 aliquanto
889 465 988 512 post
1005 472 1083 499 sua
1099 466 1257 513 sponte
1276 473 1432 500 munus
1450 461 1673 514 quoddam

183 536 341 576 obtulit
367 535 608 589 Augustus,
637 535 767 589 paulo
794 542 924 577 antea
951 536 985 576 si
1010 537 1102 589 ipse
1120 549 1166 576 se
1183 543 1384 589 paratum
1402 537 1674 587 ostendisset,

184 612 334 666 procul
365 613 498 654 dubio
530 613 716 654 libenter
747 612 898 654 fuisset
931 619 1148 666 receptus.

242 689 365 730 Haec
382 695 528 730 autem
543 689 798 731 Friedrichii
811 691 1061 731 coniectura
1076 690 1119 744 1),
1144 703 1411 744 quamquam
1430 690 1484 730 ad
1498 704 1674 731 carmen

183 766 558 820 interpretandum
606 781 692 808 non
740 774 805 808 est
847 768 1104 817 necessaria,
1150 768 1257 808 mihi
1299 781 1387 808 non
1419 768 1480 808 sic
1512 774 1676 809 temere

182 844 427 897 spernenda
458 858 553 885 esse
586 844 770 886 videtur.

243 920 443 962 Habetur
475 921 651 974 quidem
685 922 802 975 apud
836 920 1094 963 Suetonium
1124 921 1166 961 in
1194 921 1283 962 vita
1310 921 1417 961 Hor.
1448 935 1505 961 ex
1522 921 1676 962 litteris

183 996 394 1051 Augusti:
414 1011 556 1048 „nunc
573 998 927 1051 occupatissimus
944 1005 987 1040 et
1006 998 1215 1052 infirmus
1226 997 1460 1039 Horatium
1479 1004 1676 1040 nostrum

182 1074 398 1116 abducere
445 1089 471 1115 a
517 1081 560 1116 te
602 1075 772 1129 cupio'’‚
817 1075 894 1115 sed
937 1088 994 1116 ex
1037 1075 1104 1116 his
1136 1076 1281 1116 verbis
1313 1089 1384 1116 me
1417 1075 1557 1116 iudice
1589 1089 1676 1116 non

185 1159 300 1193 recte
342 1151 528 1194 efficitur
569 1152 612 1192 id
645 1158 798 1206 postea
831 1153 1054 1206 scripsisse
1087 1153 1326 1206 principem
1362 1167 1501 1203 ,‚cum,
1537 1159 1584 1195 ut
1616 1154 1676 1195 ait

183 1229 456 1282 Karstenius⁷
490 1231 581 1283 ipse
608 1243 694 1270 non
722 1229 939 1270 sufficeret
967 1236 1146 1284 propter
1174 1229 1486 1280 infirmitatem,
1515 1237 1559 1271 et
1577 1244 1675 1271 curn

182 1306 392 1348 Horatius
440 1320 492 1347 ea
532 1312 647 1347 esset
679 1313 837 1359 aetate,
871 1313 917 1348 ut
952 1320 1028 1360 per
1060 1307 1352 1348 valetudinem
1386 1322 1432 1348 se
1466 1322 1676 1349 excusare

363 1385 373 1401 5

182 1386 357 1438 posset.'
421 1384 537 1425 Nam
580 1385 768 1438 primum
802 1397 932 1424 nemo
965 1385 1141 1438 negabit
1174 1399 1272 1424 eum
1306 1391 1486 1438 propter
1518 1385 1676 1437 princi-

182 1467 311 1514 patus
367 1462 606 1503 novitatem
662 1467 766 1502 tunc
813 1474 945 1514 supra
992 1461 1172 1502 modum
1219 1462 1350 1502 fuisse
1398 1468 1674 1515 occupatum.

183 1539 354 1579 Deinde
396 1539 514 1592 quod
556 1538 714 1579 attinet
755 1538 810 1578 ad
853 1538 1164 1589 infirmitatem,
1208 1539 1323 1580 idem
1368 1538 1602 1580 Suetonius
1633 1539 1675 1578 in

181 1616 272 1657 vita
313 1616 400 1657 divi
442 1615 633 1670 Augusti
652 1615 706 1666 2):
752 1615 960 1665 „Graves‚
1000 1617 1151 1669 inquit,
1186 1623 1230 1658 et
1263 1616 1528 1670 periculosas
1560 1615 1676 1656 vale-

181 1694 353 1734 tudines
387 1707 465 1747 per
496 1707 664 1734 omnem
695 1693 836 1734 vitam
865 1693 1032 1747 aliquot
1059 1699 1269 1747 expertus
1295 1693 1403 1734 est.''
1435 1693 1492 1734 Et
1520 1694 1676 1734 iterum

181 1770 283 1811 alibi
300 1767 353 1821 3):
389 1770 471 1819 „de
502 1770 725 1811 reddenda
752 1771 973 1824 republica
1003 1772 1069 1812 bis
1097 1771 1329 1825 cogitavit;
1359 1771 1547 1824 primum
1576 1776 1677 1824 post

182 1861 438 1901 oppressum
471 1848 619 1889 statim
647 1847 891 1889 Antonium
914 1882 921 1889 .
943 1881 950 1889 .
973 1882 980 1889 .
1002 1880 1011 1890 .
1039 1862 1091 1889 ac
1119 1862 1265 1889 rursus
1282 1847 1428 1889 taedio
1447 1848 1676 1889 diuturnae

182 1923 482 1966 valetudinis''.
511 1925 705 1978 Longius
733 1939 823 1966 rem
852 1927 1054 1980 persequi
1082 1940 1243 1980 operae
1270 1927 1457 1979 pretium
1485 1939 1572 1966 non
1595 1931 1673 1968 est.

233 2055 266 2098 1)
292 2053 349 2089 Cf.
371 2055 551 2089 Mnemos.
568 2054 616 2088 1.l.
632 2065 666 2100 p.
687 2064 750 2099 133
765 2056 817 2100 (9)
831 2055 895 2089 ubi
909 2055 1003 2089 haec
1017 2055 1132 2089 habet
1148 2055 1385 2089 Karstenius:
1404 2054 1677 2088 »Friedrichius

181 2113 391 2158 suspicatus
417 2119 471 2147 est
496 2114 547 2159 (p.
578 2113 657 2156 164)
681 2114 882 2148 Horatium
903 2114 1001 2148 hanc
1023 2114 1136 2148 odam
1158 2114 1348 2159 scripsisse
1371 2124 1456 2148 cum
1471 2119 1677 2147 recusasset

181 2172 426 2218 epistularum
452 2173 617 2207 officium
643 2173 692 2207 ab
718 2174 890 2218 Augusto
916 2173 987 2207 sibi
1012 2173 1196 2215 oblatum,
1222 2179 1258 2207 et
1283 2173 1356 2207 huc
1380 2171 1575 2207 referenda
1597 2182 1677 2206 esse

181 2242 278 2276 quae
303 2231 403 2266 canit
428 2231 466 2266 in
491 2232 583 2267 fine:
609 2243 680 2267 cur
704 2232 922 2266 invidendis
947 2243 976 2266 e.
993 2243 1028 2277 q.
1043 2244 1070 2267 s.

229 2291 371 2325 Verum
407 2291 486 2336 ipse
512 2291 757 2337 repudiasset,
784 2292 930 2337 opinor,
955 2303 1063 2326 suam
1090 2291 1357 2331 coniecturam,
1384 2290 1414 2324 si
1440 2301 1484 2324 ex
1510 2290 1677 2325 Suetonii

181 2350 264 2384 loco
289 2350 327 2384 in
352 2350 431 2384 vita
456 2351 604 2385 Horatii
629 2361 705 2385 non
730 2351 852 2396 prima
878 2356 1025 2385 tantum
1050 2357 1086 2384 et
1108 2356 1309 2396 postrema,
1330 2350 1395 2384 sed
1418 2349 1531 2383 etiam
1553 2349 1678 2383 media

181 2409 342 2453 citasset‚
368 2420 454 2444 cum
480 2415 580 2444 totus
602 2411 654 2445 sic
676 2421 714 2445 se
737 2410 895 2444 habeat:
909 2412 1102 2454 Augustus
1116 2420 1266 2455 quoque
1280 2409 1525 2455 epistularum
1541 2420 1678 2443 munus

182 2468 215 2502 ei
247 2468 394 2511 obtulit,
420 2475 462 2503 ut
486 2469 556 2503 hoc
582 2469 631 2503 ad
659 2471 915 2504 Maecenatem
941 2469 1079 2515 scripto
1107 2469 1307 2513 significat:
1339 2475 1448 2502 »ante
1474 2468 1552 2514 ipse
1577 2467 1678 2502 suffi-

182 2527 327 2561 ciebam
355 2528 563 2563 scribendis
583 2528 752 2574 epistulis
773 2529 994 2570 amicorum,
1013 2539 1115 2562 nunc
1126 2528 1434 2573 occupatissimus
1447 2533 1483 2561 et
1496 2527 1678 2572 infirmus

182 2586 382 2621 Horatium
409 2593 578 2621 nostrum
604 2599 626 2622 a
652 2594 688 2622 te
713 2587 901 2622 abducere
927 2587 1060 2631 cupio'’
1076 2615 1084 2622 .
1100 2614 1106 2620 .
1123 2613 1153 2622 ..
1177 2588 1232 2622 Ac
1254 2598 1301 2621 ne
1314 2593 1509 2621 recusante
1523 2587 1677 2632 quidem

181 2652 246 2680 aut
275 2647 486 2682 succensuit
509 2647 712 2692 quicquam
738 2653 805 2682 aut
829 2647 1035 2681 amicitiam
1062 2658 1169 2681 suam
1195 2647 1363 2690 ingerere
1389 2646 1532 2680 desiit.'’
1561 2646 1678 2690 Igitur

181 2706 374 2749 Augustus
399 2717 475 2740 non
501 2706 537 2740 in
564 2706 689 2741 medio
716 2707 815 2741 vitae
840 2706 960 2752 spatio
986 2706 1058 2740 hoc
1083 2705 1248 2740 officium
1275 2705 1423 2740 obtulit.

230 2784 266 2828 2)
291 2782 349 2819 Cf.
375 2783 574 2818 Suetonius
600 2795 635 2818 v.
661 2783 696 2818 d.
723 2784 820 2828 Aug.
846 2794 876 2818 c.
904 2783 960 2828 89.

230 2862 267 2906 3)
295 2860 352 2896 Cf,
379 2861 428 2896 ib.
455 2872 486 2896 c.
509 2861 564 2895 28.
