1955 3157
958 274 1011 317 54

222 394 452 446 praeberet
479 395 742 450 disputandi.
773 395 905 436 Cuius
933 397 992 437 rei
1021 410 1108 437 non
1136 396 1383 437 meminisse
1417 394 1522 435 mihi
1549 394 1721 437 videtur

223 471 295 511 Fr.
330 471 607 525 Kreppelius‚
640 473 713 527 qui
748 472 956 526 plurimas
987 473 1042 514 de
1075 473 1159 514 hac
1191 486 1236 513 re
1265 473 1403 514 movit
1429 472 1718 527 quaestiones,

222 561 331 602 quas
363 548 542 602 longum
575 556 639 591 est
672 550 899 591 enucleare
930 564 1071 604 neque
1102 556 1251 591 tamen
1285 563 1446 604 operae
1472 549 1661 602 pretium
1674 549 1718 603 1).

283 625 452 666 Notatu
495 632 641 666 autem
686 626 867 679 dignum
901 633 967 668 est
997 626 1117 681 quod
1150 633 1301 667 monet
1332 627 1397 666 vir
1429 627 1470 668 d.
1503 625 1558 666 de
1593 631 1721 667 sexta

223 702 419 755 stropha.
469 703 628 752 „Diese
670 703 957 757 Tuchtigkeit
990 728 1047 734 —
1079 717 1192 758 quae
1224 703 1463 745 secundum
1497 703 1721 757 scriptoris

223 779 472 832 opinionem
506 781 548 820 in
580 780 795 834 fugiendis
827 780 1066 821 honoribus
1097 781 1295 822 consistit
1312 780 1344 834 2>
1377 804 1434 810 --
1462 781 1568 822 wird
1596 780 1721 821 ihren

224 855 351 896 Lohn
388 856 546 910 haben,
584 857 668 897 den
702 857 828 898 Lohn
857 857 934 898 der
966 857 1355 899 Unsterblichkeit.
1391 857 1486 898 Wir
1519 857 1720 897 erinnem

224 946 304 973 uns
345 933 500 987 hiebei,
543 933 645 974 dasz
687 948 766 974 uns
799 934 957 975 bereits
991 935 1032 975 in
1065 935 1143 975 der
1175 940 1320 976 ersten
1353 934 1450 976 Ode
1482 934 1720 975 ausdruck-

223 1009 309 1050 lich
342 1010 582 1051 versichert
614 1011 648 1051 is
680 1011 792 1052 auch
825 1026 912 1053 wer

935 1130 944 1148 ‚
971 1104 1187 1149 generosior

651 1163 853 1197 Descendit
880 1163 918 1197 in
944 1163 1131 1209 Campum
1156 1164 1293 1209 petitor

226 1245 370 1286 konne
413 1246 491 1287 der
528 1247 666 1290 ‘Urna
697 1246 854 1301 capax'
892 1248 969 1288 des
1001 1248 1151 1289 Todes
1182 1248 1303 1289 nicht
1335 1249 1578 1290 entrinnen.
1612 1247 1720 1290 Hier

224 1336 312 1363 nun
340 1323 485 1363 haben
514 1324 592 1364 wir
618 1323 697 1364 das
720 1323 1045 1378 Gegenstuck”.
1065 1324 1172 1378 Quis
1192 1338 1277 1366 non
1295 1326 1414 1367 videt
1431 1325 1719 1379 Kreppelium

226 1405 424 1440 nostrum
472 1400 645 1453 penitus
692 1402 953 1442 sententiam
996 1402 1284 1456 pervertisse?
1317 1401 1610 1444 Contenditne
1642 1416 1720 1443 un-

225 1490 357 1530 quam
377 1476 585 1518 Horatius
602 1477 826 1519 hominem
846 1479 1006 1520 virtute
1023 1485 1227 1520 ornatum
1245 1493 1332 1520 non
1350 1492 1444 1520 esse
1461 1480 1720 1521 moriturum

225 1567 277 1595 ea
323 1555 504 1605 ratione,
550 1562 597 1596 ut
641 1555 742 1605 „leti
785 1557 1070 1598 necessitate''
1113 1563 1229 1598 esset
1270 1556 1534 1611 exemptus?
1576 1557 1721 1598 Nemo

226 1644 330 1671 sane
362 1632 404 1672 id
440 1632 555 1673 dicet
573 1634 619 1686 3).
659 1632 802 1674 Addit
833 1647 950 1683 vero,
984 1634 1109 1687 quasi
1141 1635 1233 1688 ipse
1265 1635 1561 1688 perspexisset
1593 1648 1720 1675 suum

278 1768 310 1811 1)
336 1767 431 1801 Vide
458 1767 507 1802 1.1.
533 1778 619 1813 pag.
644 1768 797 1812 42—48.

273 1845 310 1888 2)
336 1843 392 1878 Cf.
418 1844 468 1879 l.l.
495 1855 580 1890 pag.
605 1845 663 1888 48.

275 1922 310 1965 3)
336 1921 378 1954 In
402 1921 571 1965 margine
593 1922 849 1967 manuscripti,
864 1922 966 1967 quod
981 1922 1070 1957 olim
1084 1923 1168 1957 misi
1181 1923 1230 1957 ad
1245 1922 1479 1957 Facultatem
1494 1922 1719 1957 Litterarum

227 1980 630 2024 Amstelodamensem,
663 1981 797 2015 iudicis
830 1981 1026 2016 cuiusdam
1061 1993 1176 2016 manu
1210 1981 1247 2016 et
1279 1982 1355 2016 alia
1388 1981 1424 2016 et
1449 1982 1521 2016 hoc
1547 1987 1718 2016 notatum

227 2039 371 2074 inveni:
399 2040 479 2074 »De
505 2050 623 2084 vraag
648 2039 784 2074 diende
810 2040 891 2075 hier
916 2040 959 2075 of
980 2041 1105 2075 elders
1129 2041 1247 2076 onder
1271 2041 1319 2075 de
1344 2052 1461 2086 oogen
1488 2041 1626 2085 gezien,
1647 2041 1720 2076 wat

228 2099 408 2133 Horatius
441 2099 556 2133 dacht
581 2111 657 2133 van
683 2100 743 2134 die
769 2100 849 2134 Leti
874 2100 1087 2145 necessitas,
1112 2101 1252 2135 hoever
1277 2102 1318 2145 zij
1346 2101 1394 2135 de
1418 2101 1619 2135 aeternitas
1644 2112 1719 2135 van

228 2158 298 2191 ode
324 2168 344 2192 2
370 2158 549 2193 uitsluit”.

275 2217 345 2251 Cui
383 2223 423 2251 ut
460 2228 528 2263 pro
562 2218 706 2252 viribus
739 2218 968 2253 satisfaciam
1001 2220 1094 2254 haec
1130 2219 1167 2253 in
1200 2219 1367 2253 medium
1394 2219 1508 2254 velim
1533 2219 1717 2265 proferre:

229 2276 409 2310 Horatius
442 2277 581 2311 nemini
617 2289 787 2322 unquam
822 2279 1038 2312 mortalium
1074 2289 1117 2313 eo
1150 2289 1260 2313 sensu
1291 2278 1551 2313 aeternitatem
1577 2278 1719 2322 tribuit,

229 2340 270 2368 ut
307 2335 490 2369 moriendi
528 2337 749 2371 necessitate
783 2343 979 2383 exemptus
1012 2337 1072 2372 vel
1106 2338 1233 2372 vivere
1266 2343 1437 2383 pergeret
1469 2337 1508 2372 in
1533 2343 1632 2372 terra
1657 2337 1718 2372 vel

229 2394 405 2428 continuo
444 2395 553 2429 vivus
590 2395 627 2429 in
666 2396 813 2430 caelum
846 2397 1048 2431 tolleretur.
1086 2397 1158 2431 Ubi
1192 2397 1304 2440 igitur
1337 2397 1504 2441 loquitur
1536 2403 1647 2443 poeta
1671 2397 1718 2431 de

230 2453 438 2498 ‘immeritis
462 2454 570 2488 mori'
596 2466 671 2489 non
698 2456 779 2489 vult
804 2456 875 2490 nisi
901 2467 1018 2490 unum
1045 2457 1106 2490 vel
1130 2456 1310 2490 alterum:
1337 2455 1397 2490 vel
1422 2456 1461 2490 id
1481 2456 1584 2501 quod
1604 2467 1718 2501 supra

229 2512 414 2546 indicavi:
439 2514 620 2547 meruisse
645 2514 797 2559 quidem
823 2515 994 2549 homines
1015 2515 1099 2550 illos
1119 2516 1379 2550 aeternitatem
1401 2526 1469 2549 nec
1491 2521 1617 2549 tamen
1639 2516 1718 2550 eius

231 2571 309 2605 fore
334 2572 550 2617 participes:
581 2575 642 2615 (οὐ
667 2574 739 2619 γὰρ
767 2575 978 2620 πέπρωται)
1005 2573 1065 2608 vel
1090 2574 1224 2619 dignos
1248 2585 1311 2609 eos
1336 2579 1523 2609 aestumat
1547 2574 1612 2619 qui
1629 2577 1720 2618 post

231 2633 386 2664 mortem
414 2637 566 2665 aeterna
592 2632 669 2666 vita
695 2631 867 2666 fruantur
892 2633 930 2666 in
957 2633 1071 2668 caelo.

279 2690 375 2723 Eum
399 2701 488 2724 vero
510 2691 653 2724 nullam
668 2702 819 2736 prorsus
833 2692 1089 2736 exceptionem
1103 2692 1301 2736 agnovisse
1314 2692 1397 2726 luce
1411 2692 1547 2727 clarius
1560 2698 1718 2738 apparet

231 2759 275 2782 ex
307 2749 409 2783 hisce
434 2749 543 2784 locis:
571 2770 613 2774 —
640 2751 765 2785 Carm.
793 2751 819 2794 I,
846 2751 908 2785 28:
937 2751 1101 2785 »Omnes
1125 2762 1199 2786 una
1226 2757 1351 2785 manet
1376 2762 1448 2785 nox
1474 2757 1511 2786 et
1535 2751 1717 2786 calcanda

232 2808 347 2841 semel
372 2808 434 2842 via
457 2808 544 2843 leti.
559 2835 566 2843 .
583 2836 590 2843 .
607 2835 614 2843 .
641 2809 790 2843 nullum
816 2821 930 2844 saeva
955 2816 1069 2855 caput
1094 2810 1315 2856 Proserpina
1340 2810 1468 2854 fugit”.

281 2885 323 2890 —
363 2867 487 2902 Carm.
522 2867 568 2909 11,
603 2877 643 2910 3:
678 2867 838 2902 »Omnes
871 2868 1002 2903 eodem
1028 2869 1208 2913 cogimur,
1234 2869 1400 2903 omniurn
1428 2875 1598 2904 versatur
1623 2880 1717 2903 urna
