1955 3157
963 240 1018 284 77

240 361 545 414 octogenarius
563 361 593 413 1)
628 361 669 401 in
705 361 933 415 „Epistula
964 375 1042 402 sua
1074 361 1129 402 ad
1162 360 1382 402 amicos?'’
1418 361 1506 404 Sed
1538 362 1734 403 animad-

239 443 409 479 vertere
465 437 595 479 velim
652 439 954 491 dignissimum
1006 438 1126 480 illurn
1176 438 1446 491 „elegantiae
1493 439 1732 480 arbitrum'’

239 528 414 556 carmen
442 515 526 556 hoc
549 515 647 556 libri
663 517 780 558 tertii
797 517 973 558 tertium
992 516 1128 557 verbo
1147 529 1324 557 ornasse
1342 515 1667 565 „nobilissimo”
1687 517 1732 570 2).

241 591 373 633 Plane
416 593 546 646 igitur
587 594 828 635 sententiae
861 593 952 635 eius
983 592 1234 634 satisfacere
1266 593 1371 633 mihi
1404 593 1556 634 videor
1587 593 1734 634 defen-

241 669 386 710 dendo
418 683 572 712 sanum
603 685 778 712 sensum
810 684 862 711 ac
894 684 995 711 vere
1028 670 1262 724 poeticum.
1296 670 1419 711 Haec
1451 670 1674 712 hactenus.

301 747 471 787 Deinde
503 747 688 789 multum
721 754 886 789 temere
914 747 1112 788 conicere
1140 747 1342 788 videntur
1369 747 1474 787 mihi
1501 748 1734 801 scriptores

239 824 313 877 qui
331 823 444 864 hanc
463 825 648 865 eandem
665 831 842 866 tuentur
859 825 1122 878 opinionem.
1143 823 1294 878 Atque
1313 824 1406 877 ipse
1425 824 1689 878 Kreppelius
1702 822 1733 878 3)

239 899 340 942 licet
372 902 512 943 neutri
545 902 787 943 sententiae
820 901 966 942 favere
998 915 1043 942 se
1070 901 1208 955 fingat
1235 901 1340 942 dum
1368 902 1559 956 exquirit
1586 915 1735 942 veram

239 978 456 1031 poematis
483 979 583 1026 vim,
613 979 751 1033 magis
778 985 925 1020 tamen
943 992 1075 1033 quam
1093 992 1172 1032 par
1188 984 1253 1020 est
1270 979 1313 1019 in
1331 979 1513 1019 alteram
1531 978 1734 1020 declinat.

240 1054 482 1096 Videamus
513 1056 938 1109 argumentationem
970 1056 1074 1097 eius.
1108 1054 1223 1109 Quia
1250 1056 1396 1096 omnia
1423 1056 1735 1097 transscribere

240 1132 390 1186 utique
436 1132 616 1186 longum
658 1139 723 1174 est
740 1134 788 1187 4),
832 1139 879 1174 ut
923 1133 1064 1182 „iusto
1106 1146 1158 1173 ac
1200 1147 1283 1173 non
1325 1132 1494 1174 tenaci”
1529 1133 1735 1187 propriae

240 1210 482 1251 sententiae
528 1210 620 1250 viro
662 1209 790 1251 liceat
833 1209 938 1250 mihi
981 1209 1162 1263 seligere
1199 1223 1251 1250 ea
1282 1224 1395 1264 quae
1427 1211 1602 1251 maioris
1634 1217 1735 1252 sunt

240 1287 450 1328 momenti
471 1286 513 1340 5).
558 1287 686 1327 Hanc
718 1287 914 1341 priorum
945 1286 1225 1341 stropharum
1258 1288 1487 1341 proposuit
1517 1287 1734 1341 significa-

239 1364 428 1405 tionem:
465 1364 598 1413 .‚Wer
629 1364 809 1418 gerecht
841 1364 929 1405 und
962 1363 1210 1405 beharrlich
1238 1365 1305 1413 ist,
1334 1365 1420 1405 den
1447 1366 1564 1405 kann
1592 1365 1734 1406 nichts

239 1441 491 1483 schrecken.
540 1442 672 1482 Diese
714 1441 956 1495 Tugenden
998 1441 1094 1482 sind
1136 1455 1183 1482 es
1224 1441 1294 1481 die
1336 1442 1421 1482 den
1453 1441 1624 1482 Helden
1657 1442 1735 1483 der

239 1518 355 1559 alten
389 1518 533 1572 Sagen
566 1519 650 1560 den
684 1518 798 1573 Weg
828 1534 925 1560 zum
959 1518 1125 1573 Olymp
1157 1519 1351 1573 gebahnt
1378 1519 1535 1573 haben,
1554 1520 1641 1561 und
1659 1519 1733 1559 ihn

239 1595 350 1636 auch
399 1596 500 1636 dem
548 1595 778 1650 Augustus
824 1596 999 1637 bahnen
1042 1597 1229 1637 werden.
1275 1621 1326 1626 —-
1371 1596 1595 1638 Hactenus
1637 1597 1734 1651 quis

239 1673 480 1728 quidquam
513 1673 748 1715 infitietur?
782 1698 837 1704 —
866 1673 958 1715 Hat
979 1674 1025 1727 ja
1052 1673 1166 1714 doch
1196 1673 1415 1727 Quirinus,
1434 1674 1512 1715 der
1531 1673 1733 1715 Grunder

238 1750 317 1791 der
360 1750 502 1804 Stadt,
548 1752 656 1804 (sein
698 1750 915 1804 Vorbild),
951 1752 1020 1792 ein
1052 1751 1226 1793 zweiter
1258 1751 1470 1804 Bacchus,
1503 1752 1586 1793 den
1619 1752 1734 1804 Weg

238 1827 416 1869 dorthin
462 1827 723 1883 gefunden.'’
772 1829 894 1869 Haec
936 1829 1078 1870 minus
1122 1829 1306 1870 sortasse
1348 1830 1575 1884 perspicua
1606 1829 1733 1870 alicui

237 1905 513 1946 videbuntur.
557 1905 709 1960 Atque
743 1906 932 1960 primurn
965 1906 1084 1960 quod
1117 1912 1247 1948 vocat
1278 1905 1509 1960 Quirinum
1542 1906 1733 1960 Augusti

237 1983 476 2036 exemplar,
511 1982 793 2024 libentissime
826 1984 937 2025 facio
969 1997 1068 2025 curn
1101 1997 1176 2025 eo:
1210 1984 1371 2025 etenim
1403 1983 1535 2037 paulo
1561 1990 1733 2025 tantum

236 2066 366 2101 antea
413 2067 588 2102 senatus
636 2061 792 2102 dubius
838 2060 1042 2102 haeserat
1085 2068 1232 2102 utrum
1274 2060 1513 2102 Romulum
1546 2074 1645 2102 eum
1678 2074 1732 2102 an

237 2136 490 2191 Augustum
537 2144 715 2179 vocaret
733 2139 779 2191 6).
823 2139 932 2179 Erat
973 2138 1105 2192 igitur
1146 2139 1189 2179 in
1232 2144 1440 2192 promptu
1484 2144 1531 2180 ut
1573 2152 1732 2180 nomen

236 2213 351 2255 istud
384 2212 568 2267 Quirini,
601 2215 812 2268 Principis
844 2216 1100 2256 memoriam
1133 2215 1249 2270 apud
1278 2215 1462 2256 lectores
1490 2216 1733 2258 suscitaret.

286 2362 318 2405 1)
344 2360 400 2395 Cf.
427 2361 462 2396 S.
489 2362 535 2396 A.
561 2360 690 2395 Naber
717 2361 910 2407 »Epistula
935 2361 985 2396 ad
1009 2362 1152 2396 amicos
1177 2362 1224 2396 de
1250 2362 1443 2397 clausula''
1471 2373 1556 2408 pag.
1579 2373 1626 2397 20
1650 2374 1732 2408 sqq.

287 2439 322 2481 2)
348 2437 404 2472 Cf.
431 2438 482 2472 ib.
508 2449 592 2484 pag.
621 2446 676 2483 25.

283 2510 319 2553 3)
345 2509 422 2543 Der
447 2510 581 2553 Zyclus
606 2509 673 2544 der
699 2510 952 2544 Horazischen
979 2509 1220 2545 Romeroden
1247 2511 1282 2544 11
1307 2510 1401 2546 Teil.
1431 2520 1531 2556 1904.

282 2581 321 2624 4)
345 2580 513 2615 Libellus
534 2581 677 2625 integer
698 2580 758 2625 (63
783 2582 883 2627 pag.)
905 2582 943 2615 in
957 2592 1032 2615 uno
1046 2582 1214 2616 carmine
1227 2582 1336 2617 tertio
1351 2588 1533 2618 versatur.
1548 2582 1732 2628 Copiosis-

236 2639 328 2674 sime
353 2639 466 2684 igitur
492 2640 659 2684 singulas
684 2646 822 2675 tractat
847 2641 1096 2686 quaestiones.

285 2712 321 2756 5)
345 2710 403 2746 Cf.
429 2711 480 2746 1.1.
507 2723 592 2758 pag.
621 2721 677 2756 30.

283 2781 320 2825 6)
354 2781 410 2817 Cf.
444 2783 596 2817 Cassius
623 2783 695 2817 Dio
724 2791 779 2828 53,
810 2782 852 2817 16
875 2783 940 2818 ubi
966 2789 1141 2818 narratur
1168 2784 1290 2831 ipsum
1317 2784 1568 2819 Octavianum
1596 2794 1732 2818 nomen

238 2842 389 2875 Romuli
415 2842 646 2887 praetulisse.
