1955 3157
883 269 942 312 99

172 386 357 428 fortasse
403 394 552 429 carent
598 388 929 442 probabilitate3
979 393 1175 430 attamen
1223 389 1266 428 in
1310 388 1395 428 fine
1438 389 1664 429 nobiscum

172 463 275 504 facit
305 471 458 505 auctor
489 478 588 506 cum
622 465 765 506 dicat:

232 540 448 589 „Freilich
496 542 551 582 ist
592 541 696 582 alles
736 555 824 582 was
866 540 961 581 hier
994 541 1100 581 u'ber
1132 541 1281 582 diesen
1315 541 1479 583 Orakel
1511 555 1665 596 vorge-

171 623 326 671 tragcn
358 619 504 660 wurde
537 621 652 673 (pag.
673 619 885 672 28—39!)
919 619 1038 659 rez'ne
1070 618 1355 673 Vermutzmg,
1384 619 1453 660 die
1480 619 1593 660 noch
1623 620 1665 659 in

171 708 281 748 ganz
323 696 507 737 anderer
550 696 698 736 Weise
739 697 953 737 bewiesen
986 696 1161 737 werden
1194 702 1358 737 musste
1390 711 1463 737 um
1496 696 1558 737 als
1591 709 1665 749 ge—

171 771 455 814 schichtliche
487 773 720 814 Wahrheit
751 772 898 827 gelten
930 788 980 814 zu
1014 773 1234 816 konnen.'’

231 848 382 903 Atque
414 849 522 891 haec
553 850 763 891 hactenus
798 849 853 890 de
885 850 1102 891 sententia
1132 849 1352 893 historica.

289 967 330 1008 b.
363 967 431 1007 De
463 967 532 1020 z'z's,
565 967 645 1020 qui
674 967 884 1008 moralem
918 968 1105 1008 tradunt
1135 967 1552 1021 interpretationem.

230 1061 409 1102 Moralis
466 1075 579 1116 quae
635 1062 792 1102 dicitur
847 1062 1063 1103 sententia
1119 1075 1144 1102 a
1202 1062 1348 1103 multis
1401 1062 1531 1102 hodie
1578 1076 1665 1103 non

171 1138 428 1181 defenditur.
462 1139 670 1188 Maxime,
706 1145 752 1180 ut
784 1139 953 1180 monuit
981 1139 1243 1192 Kreppelius
1260 1142 1306 1192 1),
1335 1140 1538 1180 convenit
1566 1153 1665 1180 cum

170 1215 254 1265 illa,
294 1230 406 1270 quae
438 1216 494 1256 ad
526 1216 715 1257 litteram
748 1230 906 1269 poema
939 1217 1260 1269 interpretatur.
1295 1215 1665 1271 Quandoquidem

171 1299 215 1334 et
246 1292 354 1333 haec
387 1292 703 1347 aliquantulum
735 1293 888 1334 saltem
923 1292 1116 1347 postulat
1142 1292 1364 1343 ‘ethicum'
1391 1294 1665 1347 propositum

171 1377 340 1424 poetae.
385 1370 502 1411 Inter
545 1370 839 1424 antiquiorum
882 1370 1091 1423 plurimos
1110 1368 1141 1423 2)
1184 1394 1241 1399 —
1275 1370 1329 1410 de
1362 1370 1518 1424 quibus
1551 1384 1664 1411 nunc

171 1447 313 1487 dicere
346 1460 432 1487 non
465 1453 662 1488 nostrum
695 1454 761 1488 est
792 1472 850 1477 —-
883 1447 1101 1500 Seligerus
1119 1445 1152 1500 3)
1184 1447 1293 1488 haec
1326 1446 1515 1501 profert:

233 1524 549 1577 „Ueberhaupt
575 1524 767 1578 gewinnt
789 1538 942 1565 unsere
961 1523 1058 1565 Ode
1075 1524 1144 1564 die
1163 1524 1347 1577 richtige
1364 1523 1666 1578 Beleuchtung

170 1607 259 1642 erst
290 1601 427 1642 durch
455 1601 540 1641 den
569 1601 803 1655 Vergleich
831 1602 910 1642 mit
936 1601 1013 1642 der
1029 1601 1244 1642 sechsten.
1264 1601 1313 1641 In
1331 1601 1472 1642 dieser
1489 1601 1666 1655 geisselt

171 1678 248 1719 der
265 1678 447 1719 Dichter
465 1678 534 1719 die
552 1678 839 1732 Verachtung
856 1679 934 1719 der
952 1677 1110 1720 Gotter
1128 1678 1215 1719 und
1233 1678 1302 1718 die
1316 1677 1665 1732 Sittenlosigkeit

170 1756 229 1796 im
261 1755 529 1796 Romischen
562 1755 706 1796 Volke
734 1756 813 1797 mit
840 1755 1040 1796 scharfen
1070 1755 1266 1805 Worten,
1296 1755 1385 1796 und
1403 1755 1540 1797 damit
1557 1756 1665 1796 uber

171 1832 330 1873 Zweck
362 1831 450 1872 und
483 1831 673 1872 Absicht
704 1832 781 1872 der
814 1832 936 1872 Rede
969 1832 1105 1884 Junos
1133 1832 1233 1872 kein
1263 1831 1439 1872 Zweifel
1459 1832 1664 1886 bleibe(!)

170 1910 352 1963 beginnt
394 1910 454 1950 sie
488 1910 567 1950 mit
598 1909 684 1950 den
717 1909 902 1951 Worten
936 1909 1128 1950 welchen
1160 1909 1237 1950 das
1270 1909 1475 1950 wirksam
1508 1923 1562 1950 an
1595 1909 1665 1950 die

222 2064 255 2107 1)
280 2061 337 2097 Cf.
364 2062 415 2097 1.1.
441 2063 476 2096 II
503 2073 588 2108 pag.
615 2073 650 2108 9.

218 2141 254 2184 2)
280 2139 335 2174 Cf.
370 2139 702 2184 Dillenburgerum
737 2140 774 2174 in
801 2140 992 2185 prooemio
1018 2139 1066 2173 ad
1094 2139 1257 2174 Carmen
1284 2149 1323 2183 3:
1354 2139 1477 2173 »Inter
1502 2140 1663 2173 Romam

171 2204 208 2233 et
243 2199 398 2233 Troiam
436 2210 540 2233 mare
573 2200 716 2233 saeviat
749 2210 901 2234 necesse
927 2205 994 2243 est,
1019 2199 1134 2233 Troia
1159 2204 1200 2233 ut
1226 2204 1444 2233 renascatur
1470 2209 1663 2243 nunquam

170 2264 292 2303 potest
339 2258 512 2292 concedi:
559 2258 630 2293 hoc
676 2258 889 2292 cavendum
935 2265 990 2292 est
1034 2269 1081 2292 ne
1119 2259 1241 2292 Roma
1277 2258 1490 2303 exemplum
1527 2258 1664 2292 Troiae

171 2323 365 2362 sequatur,
400 2328 447 2351 ne
478 2318 640 2351 Romani
673 2318 775 2352 cives
808 2317 1028 2353 divitiarum
1064 2317 1257 2352 blanditiis
1282 2317 1436 2352 deleniti
1463 2317 1663 2363 voluptati-

171 2377 316 2421 busque
340 2377 440 2422 eapti
466 2376 634 2411 divinam
661 2377 896 2411 maiestatem
923 2382 958 2411 et
987 2377 1211 2422 sapientiam
1238 2377 1452 2421 spernant.”

219 2456 263 2460 —
301 2436 372 2470 Vel
409 2436 708 2480 Rosenbergium
746 2436 798 2481 (in
836 2436 1028 2481 edz'tz‘one):
1070 2447 1198 2470 »wenn
1232 2447 1304 2470 nur
1338 2436 1398 2470 die
1424 2437 1564 2470 Romer
1590 2446 1664 2469 von

171 2494 258 2529 dem
284 2494 479 2529 Schicksal
505 2495 604 2529 ihrer
625 2495 886 2539 meineidigen,
909 2495 947 2529 in
961 2495 1242 2530 Unsittlichkeit
1258 2495 1520 2529 versunkenen
1535 2495 1665 2530 Vater-

171 2554 271 2588 stadt
304 2554 419 2599 Troja
443 2554 574 2589 lernen
599 2554 750 2588 wollten
777 2554 854 2588 und
880 2554 940 2588 ein
966 2554 1148 2588 sittliches
1174 2553 1408 2588 Heldentum
1435 2554 1663 2589 bewahrten.

219 2633 264 2638 —
290 2613 434 2648 Eadem
461 2613 538 2648 fere
562 2613 758 2648 Nauckius
783 2614 835 2657 (in
861 2613 1050 2657 editione).

221 2693 264 2696 —
291 2673 386 2707 Vide
422 2673 536 2707 etiam
569 2673 867 2707 Rauchenstein:
904 2672 1051 2707 »Ueber
1085 2672 1159 2706 den
1184 2672 1275 2707 Sinn
1301 2673 1378 2707 und
1404 2673 1464 2707 die
1489 2672 1663 2707 Tendenz

172 2731 238 2766 der
263 2732 401 2766 dritten
427 2732 508 2767 Ode
534 2731 600 2766 des
625 2732 763 2766 dritten
790 2731 937 2766 Buches
959 2731 1025 2766 des
1046 2731 1249 2766 Horatius”
1272 2732 1328 2767 in:
1351 2733 1475 2766 Neues
1489 2732 1662 2767 Schweiz.

173 2792 267 2826 Mus.
298 2790 382 2825 1861
412 2802 498 2837 pag.
528 2801 594 2836 129
619 2802 700 2836 sqq.

220 2870 256 2912 3)
282 2867 339 2903 Cf.
365 2868 415 2903 l.l.
441 2879 526 2913 pag.
553 2868 633 2912 316.
