1955 3157
1027 213 1104 255 123

310 332 506 373 sensibus
552 332 715 387 aliquid
763 334 1023 387 perspicere.
1072 333 1158 383 Sic,
1206 334 1248 374 ni
1292 333 1432 388 fallor,
1475 335 1656 376 verbum
1700 335 1804 376 illud

312 410 630 459 „credidimus”
664 411 768 452 satis
802 410 1071 464 explicatum
1104 418 1170 453 est
1187 413 1229 461 1).

369 487 569 528 Deficere
599 502 705 529 vero
742 489 1032 530 reverentiam
1066 502 1171 542 erga
1203 489 1385 530 deorum
1417 489 1633 543 optimum
1667 492 1808 532 maxi-

309 578 443 615 mum,
477 565 595 620 quod
627 566 803 607 admisit
829 565 1017 607 Iurenka
1042 580 1182 620 neque
1211 580 1269 607 ex
1295 566 1393 607 loco
1421 581 1551 621 quem
1569 567 1806 619 attulimus,

309 655 450 696 neque
498 643 593 696 ipso
634 656 693 683 ex
734 649 946 685 contextu
989 650 1185 698 apparet.
1230 644 1533 685 Mommsenus
1569 669 1619 674 —
1653 652 1808 699 postea

308 719 554 760 videbimus
596 733 728 773 quam
761 721 906 775 inepte
938 734 1019 775 pro
1050 735 1128 762 sua
1158 721 1376 762 sententia
1407 745 1465 751 —
1497 722 1680 763 eandem
1714 724 1807 777 opi·

309 796 485 837 nionem
531 798 642 838 tueri
685 797 858 839 videtur
876 799 922 851 2).
970 798 1081 847 „Die
1114 799 1377 852 Eroberung
1408 799 1686 840 Britanniens
1719 801 1806 841 und

309 874 507 915 Persiens
538 875 645 915 wird
677 875 771 916 hier
804 876 1030 917 bestimmt
1060 875 1324 925 verheissen,
1353 875 1399 929 ja
1431 882 1518 917 erst
1545 890 1670 917 wenn
1688 877 1808 918 diese

310 951 527 992 vollendet
558 953 649 992 sein
683 953 872 1006 werden,
904 954 1012 994 wird
1047 953 1276 1007 Augustus
1308 954 1471 994 ebenso
1504 954 1568 994 als
1593 954 1808 995 irdischer

309 1027 420 1070 Gott
452 1029 543 1070 sich
576 1030 793 1071 offenbart
825 1031 970 1072 haben
1001 1031 1081 1071 wie
1109 1031 1275 1085 Iupiter
1303 1031 1395 1072 sich
1423 1031 1640 1073 offenbart
1668 1032 1805 1073 durch

308 1106 394 1147 den
427 1106 608 1147 Donner
640 1108 703 1148 als
736 1107 820 1149 den
854 1108 997 1149 Herm
1031 1108 1106 1149 des
1139 1108 1369 1162 Himmels,
1399 1109 1487 1150 und
1516 1109 1622 1149 wird
1649 1123 1697 1149 er
1715 1108 1807 1150 also

308 1183 372 1224 als
403 1183 656 1238 lebendiger
687 1184 798 1227 Gott
830 1186 900 1226 die
934 1185 1052 1226 Erde
1085 1185 1421 1227 beherrschen.''

437 1327 518 1379 §a
554 1324 662 1379 QUA
696 1336 910 1368 RArioNE
943 1337 1236 1368 COHAEREAT
1269 1336 1489 1369 STROPHA
1522 1337 1673 1368 PRIMA

755 1412 855 1446 CUM
887 1413 1099 1454 RELIQUO
1131 1413 1364 1446 CARMINE.

368 1506 461 1547 Iam
508 1506 543 1547 si
591 1506 814 1560 quaeritur
856 1520 943 1561 qua
985 1506 1040 1547 de
1082 1520 1214 1547 causa
1252 1506 1296 1547 hi
1328 1506 1528 1547 versiculi
1561 1506 1661 1547 huic
1694 1507 1806 1548 odae

309 1590 650 1638 praeponantur,
684 1583 754 1624 alii
788 1583 913 1625 aliter
946 1584 1225 1638 respondent.

368 1661 628 1702 Karstenius
670 1675 767 1702 earn
805 1660 923 1702 nullo
954 1662 1116 1703 artiore
1148 1661 1320 1702 vinculo
1354 1675 1453 1702 cum
1486 1661 1663 1716 reliquis
1695 1661 1806 1703 odae

308 1739 505 1792 partibus
537 1740 707 1780 conecti
742 1753 870 1792 posse
900 1739 1060 1780 docuit.
1092 1738 1231 1793 Atqui
1260 1739 1320 1780 ita
1347 1739 1590 1781 concludit:
1610 1740 1704 1793 ipsa
1720 1740 1807 1781 oda

308 1816 544 1870 incipiebat
570 1816 674 1857 olim
698 1831 723 1857 a
740 1831 780 1858 v.
803 1825 822 1868 5
842 1830 850 1857 τ
873 1817 1082 1866 „Milesne
1101 1815 1274 1857 Crassi'’
1294 1831 1390 1871 sqq.
1411 1815 1522 1857 Cum
1541 1817 1808 1871 reciperetur

308 1894 350 1934 in
382 1894 704 1948 corpusculum,
733 1895 987 1948 praeposuit
1013 1894 1225 1935 Horatius
1255 1894 1483 1947 stropham
1502 1893 1805 1935 intercalarem

308 1971 429 2012 cuius
472 1972 642 2012 initium
685 1972 741 2012 de
782 1972 887 2013 Iove
928 1972 1013 2012 hoc
1055 1985 1232 2012 carmen
1274 1971 1466 2012 conectit
1498 1985 1597 2012 cum
1630 1985 1806 2025 praece-

308 2048 428 2089 denti
460 2049 503 2089 in
534 2062 623 2103 quo
657 2049 772 2090 idem
804 2048 1050 2090 celebratur
1082 2049 1181 2090 inde
1214 2062 1240 2089 a
1271 2062 1397 2089 versu
1430 2048 1531 2100 43.’'

368 2125 535 2167 Verum
568 2125 734 2167 facilius
767 2126 810 2166 id
843 2126 1083 2168 affirmatur
1115 2139 1247 2179 quam
1276 2126 1488 2179 probatur
1514 2125 1650 2167 firmis
1677 2140 1806 2180 argu-

309 2203 489 2244 mentis!
538 2203 645 2244 Veri
691 2210 840 2244 tamen
886 2204 990 2245 satis
1032 2204 1217 2244 similem
1259 2217 1355 2244 esse
1387 2204 1685 2244 coniecturam
1719 2217 1805 2244 non

308 2295 436 2334 nego,
464 2280 706 2322 dummodo
724 2281 990 2322 concedatur
1008 2281 1242 2322 Horatium
1262 2281 1398 2334 inepte
1414 2287 1456 2321 et
1471 2281 1634 2322 insulse
1650 2281 1805 2335 egisse.

368 2358 533 2399 Dicunt
589 2358 704 2398 enim
761 2359 978 2412 integrum
1036 2372 1211 2399 carmen
1269 2359 1355 2399 iam
1409 2358 1539 2399 fuisse
1588 2366 1803 2412 paratum,

309 2435 538 2476 deficiente
596 2441 743 2476 tamen
801 2449 917 2476 nexu
975 2449 1074 2477 cum
1126 2436 1350 2490 superiore
1397 2442 1567 2488 quarto.
1617 2436 1806 2478 Accedit

360 2572 394 2614 1)
417 2570 511 2604 Tale
544 2570 636 2616 quid
669 2570 831 2605 voluisse
862 2571 1010 2606 videtur
1035 2571 1127 2606 mihi
1153 2571 1362 2617 Porphyrio
1388 2571 1602 2609 scholiasta.
1630 2573 1805 2617 »Famae,

309 2629 441 2674 inquit,
479 2635 627 2664 tanturn
665 2630 712 2664 de
752 2630 850 2665 Iovis
883 2631 1144 2675 magnitudine
1170 2631 1416 2666 credidimus:
1444 2637 1587 2676 quanto
1612 2632 1733 2676 magis
1758 2632 1806 2667 de

308 2689 469 2733 Augusti
514 2689 743 2724 credendum
790 2696 856 2734 est,
902 2690 1008 2725 cuius
1049 2691 1206 2725 virtutes
1243 2697 1280 2725 et
1317 2691 1524 2736 potentiam
1562 2702 1692 2726 omnes
1730 2702 1804 2726 non

309 2748 486 2783 audimus
510 2749 576 2783 sed
601 2748 808 2784 vz'demus.''

358 2826 393 2870 2)
420 2825 469 2860 1.1.
496 2836 580 2871 pag.
608 2835 662 2869 31.
