1955 3157
949 213 1028 256 143

301 335 529 376 Postrema
570 335 705 376 verba
746 335 823 375 vix
865 339 982 375 recte
1014 333 1133 374 dicta
1165 332 1385 373 existimo.
1421 333 1593 375 Poenae
1626 335 1740 376 enim

241 426 350 467 quas
384 419 516 466 poeta
547 418 775 453 enumerat
807 425 895 452 non
925 411 1074 452 statim
1102 416 1400 451 memorantur
1428 419 1528 464 post
1554 412 1741 465 primam

240 489 483 543 stropham,
528 489 600 530 ubi
634 489 687 530 de
719 488 894 542 templis
928 487 1172 529 reficiendis
1204 492 1271 528 est
1303 500 1463 528 sermo.
1503 487 1743 542 Excipiunt

241 572 389 607 autem
421 567 680 621 gravissima
712 566 845 607 haec:

576 672 666 706 »Dis
691 678 728 706 te
753 672 938 706 minorem
963 670 1067 716 quod
1093 670 1202 714 geris,
1227 670 1392 716 imperas

574 731 674 765 Hinc
699 741 812 765 omne
837 730 1064 776 principium
1089 730 1163 764 huc
1189 729 1286 764 refer
1311 729 1454 763 exitum

670 790 727 824 Di
749 790 869 824 multa
896 789 1058 836 neglecti
1079 789 1277 832 dederunt,

671 849 876 895 Hesperiae
902 849 1004 883 mala
1028 848 1258 883 luctuosae.”

301 951 368 992 Ne
396 958 543 993 autern
570 951 679 992 haec
708 952 834 991 nimis
861 957 1014 1005 argute
1041 950 1347 992 animadversa
1375 963 1470 991 esse
1500 951 1740 992 existimes.

242 1026 455 1069 Consulto
499 1028 614 1068 enim
647 1028 747 1068 dico
779 1027 1005 1068 Romanos
1038 1041 1125 1068 non
1158 1027 1300 1068 solum
1333 1027 1616 1082 neglegentes
1648 1042 1743 1069 esse

240 1105 284 1145 in
317 1104 491 1158 templis
523 1104 806 1146 aedificandis
839 1111 972 1160 atque
1004 1105 1329 1146 conservandis.
1369 1105 1546 1146 Etenim
1580 1106 1742 1159 apertis

240 1182 385 1222 verbis
417 1181 530 1223 dixit
564 1182 773 1224 Horatius
805 1182 988 1223 deorum
1020 1182 1185 1222 cultum
1218 1182 1354 1223 latius
1385 1188 1550 1237 patere.

528 1287 649 1323 »Hinc
675 1299 782 1322 omne
806 1288 1046 1334 principium,
1070 1288 1145 1322 huc
1172 1287 1269 1323 refer
1295 1288 1471 1323 exitum.'’

300 1388 471 1443 Quibus
513 1390 657 1430 verbis
700 1389 932 1443 profitetur
975 1390 1114 1443 ipsam
1146 1403 1324 1445 quoque
1355 1391 1492 1432 vitam
1524 1391 1741 1443 privatam

241 1467 449 1521 religione
482 1467 809 1521 comprehendi,
842 1473 885 1508 et
918 1466 1127 1521 religione
1156 1466 1298 1508 imbui
1322 1467 1496 1508 debere.
1525 1466 1673 1520 Quare
1700 1467 1742 1506 in

240 1544 534 1599 explicatione
592 1544 894 1585 Mommsenus
941 1544 1139 1584 ordinem
1189 1544 1469 1598 stropharum
1518 1544 1743 1585 inverterit

240 1636 328 1663 non
361 1622 581 1676 intellego.

300 1699 588 1754 Templorum
619 1700 734 1740 enim
764 1698 944 1740 refectio
973 1712 1060 1740 non
1088 1705 1154 1740 est
1172 1699 1252 1739 nisi
1274 1699 1481 1740 indicium
1499 1712 1550 1739 ac
1567 1699 1740 1753 signum

240 1777 416 1831 pietatis
449 1790 537 1817 non
570 1777 664 1831 ipsa
696 1777 849 1830 pietas.

300 1855 424 1896 Haec
480 1855 515 1894 si
562 1855 874 1908 praetermittis
922 1854 964 1894 in
1011 1854 1373 1906 interpretatione
1420 1854 1497 1894 vix
1546 1854 1740 1895 invenies

239 1932 460 1973 vinculum
507 1933 618 1973 inter
664 1932 808 1972 varias
854 1931 966 1972 odae
1013 1937 1173 1984 partes,
1223 1931 1285 1972 uti
1328 1944 1435 1971 mox
1480 1931 1738 1972 videbimus,

280 2084 360 2136 §2.
395 2081 783 2123 CELEBRETURNE
814 2089 913 2122 Hoc
946 2089 1165 2121 CARMINE
1197 2080 1300 2120 LEX
1333 2088 1471 2129 QUAM
1504 2087 1701 2119 vocANT

637 2167 702 2198 DE
733 2166 1035 2198 MARITANDIS
1067 2166 1341 2199 ORDINIBUS.

301 2266 619 2308 Verumtamen
666 2271 783 2306 recte
825 2265 1104 2319 prosequitur
1142 2264 1207 2304 vir
1247 2263 1579 2304 celeberrimus:
1614 2261 1740 2312 „Aus

241 2343 342 2385 dem
391 2342 567 2397 Mangel
615 2343 692 2383 der
740 2342 1049 2384 Gottessurcht
1098 2341 1208 2395 solgt
1255 2342 1403 2382 weiter
1450 2340 1529 2381 der
1574 2338 1740 2380 Verfall

241 2422 320 2462 der
378 2421 532 2470 Sstten,
582 2419 850 2462 namentlich
897 2419 974 2460 der
1023 2419 1351 2472 Frauenzucht3
1398 2431 1553 2458 unsere
1600 2417 1741 2458 Vater

240 2512 384 2540 waren
418 2498 539 2539 nicht
570 2511 658 2539 was
690 2510 844 2538 unsere
871 2496 1046 2546 Ahnen,
1075 2496 1164 2537 und
1190 2495 1380 2537 slechter
1405 2494 1468 2536 als
1485 2495 1547 2535 sie
1565 2494 1740 2534 werden

242 2577 318 2617 wir
350 2576 464 2616 noch
496 2575 857 2616 erbarmlicheres
889 2572 1156 2615 Geschlecht
1188 2571 1445 2626 erzeugen’'.
1478 2596 1535 2602 —

301 2654 526 2695 Hactenus
558 2653 655 2708 quis
687 2651 928 2707 quidquam
961 2650 1198 2692 infitietur?

303 2731 436 2780 „Dies
480 2730 671 2771 Gedicht
703 2731 758 2770 ist
789 2729 860 2770 die
891 2728 1117 2783 poetische
1152 2727 1433 2781 Verklarung
1465 2726 1543 2767 der
1575 2726 1739 2768 Sitten-

242 2807 404 2848 reform
427 2823 478 2849 zu
497 2807 689 2848 welchen
709 2807 936 2860 Augustus
954 2806 1064 2846 eben
1083 2804 1250 2845 damals
1268 2804 1337 2845 die
1355 2810 1498 2845 ersten
1517 2802 1738 2845 Schritten
