1955 3157
993 285 1071 327 132

286 406 484 459 captivos
518 404 663 446 reduci
696 405 738 444 in
771 404 957 458 patriam
988 404 1149 444 iubent.
1183 404 1339 458 Neque
1371 404 1489 445 cadit
1521 405 1563 445 in
1591 405 1780 446 Momm-

285 496 439 523 senum
472 483 689 523 rhetorica
721 482 1010 535 Rosenbergii
1038 482 1322 535 interrogatio
1341 483 1395 535 1):
1426 482 1561 531 „Was
1589 482 1781 525 forderte

286 573 388 600 man
421 559 534 600 denn
567 560 610 600 in
643 559 786 599 Rom?
820 559 947 600 Etwa
979 558 1235 612 Auslo'sung
1267 559 1345 599 der
1377 557 1675 613 Gesangenen,
1711 559 1781 601 die

286 637 454 678 damals
486 637 622 678 sehon
655 636 869 690 ungefahr
901 636 968 677 ein
1001 635 1455 690 Vierteljahrhundert
1487 637 1545 677 im
1578 637 1780 678 Parther-

286 715 429 756 reiche
461 715 619 763 lebten,
654 714 746 754 sich
780 714 951 754 Frauen
983 727 1258 767 genommen,
1293 713 1448 754 kinder
1479 720 1665 768 gezeugt
1692 714 1779 755 und

285 792 490 834 teilweise
522 806 577 832 an
609 792 679 832 die
712 790 1037 832 Grensmarken
1064 790 1140 831 des
1158 791 1329 832 Lebens
1347 790 1525 845 gelangt
1542 790 1714 832 waren''
1733 791 1778 845 2).

287 870 376 919 „Ist
406 870 521 910 denn
552 874 711 922 spater‚
745 868 808 909 als
841 869 910 908 die
943 869 979 908 F
983 868 1230 909 eldzeichen
1259 882 1346 908 nun
1375 867 1580 908 werklich
1598 867 1780 909 zurtick-

284 947 482 1000 gegeben
525 945 715 995 wurden,
759 946 815 986 ist
858 945 972 985 denn
1004 945 1061 985 da
1093 958 1178 985 von
1212 944 1360 985 diesen
1393 943 1677 998 Gesangenen
1709 945 1780 985 die

284 1024 435 1064 Rede?
468 1023 595 1064 Etwa
627 1023 669 1062 in
696 1022 797 1062 dem
825 1022 1110 1064 Testamente
1138 1022 1216 1062 des
1243 1021 1472 1076 Augustus
1489 1023 1521 1075 3)
1545 1022 1646 1062 dass
1663 1021 1778 1062 doch

284 1101 353 1141 die
386 1101 570 1141 kleinste
602 1099 886 1140 Geldsumme
919 1099 1039 1140 nicht
1071 1114 1121 1140 zu
1154 1113 1324 1140 nennen
1356 1098 1575 1152 vergist?''

345 1177 685 1219 Prudentissime
716 1177 893 1231 quidem
927 1176 1226 1217 Mommsenus
1255 1177 1394 1230 ipsam
1413 1175 1526 1216 hanc
1544 1175 1777 1229 reprehen-

284 1257 451 1297 sionem
483 1254 633 1308 effugit
665 1254 810 1295 verbis
841 1267 954 1308 quae
986 1266 1118 1307 supra
1150 1253 1289 1294 attuli.

346 1333 585 1373 Reicienda
645 1337 792 1372 tamen
849 1331 939 1371 eius
997 1330 1197 1371 doctrina
1254 1336 1448 1371 nostram
1505 1330 1637 1371 odam
1684 1343 1778 1370 esse

284 1410 506 1464 politicam
539 1416 671 1463 atque
705 1409 747 1449 in
779 1410 887 1449 duas
920 1414 1067 1462 parter
1098 1408 1209 1449 intes
1241 1421 1287 1448 se
1319 1408 1545 1461 oppositas
1577 1407 1775 1448 divisam.

284 1488 338 1527 In
382 1501 466 1527 uuo
498 1487 613 1527 enim
645 1494 687 1527 et
715 1486 857 1527 altera
891 1486 1017 1535 idem,
1053 1499 1118 1525 me
1150 1484 1303 1535 iudice,
1328 1485 1611 1539 persequitur
1641 1497 1776 1538 argu-

283 1571 475 1605 mentum
509 1565 739 1614 Horatius,
774 1564 835 1605 uti
869 1577 975 1604 mox
1007 1563 1301 1604 ostendemus.

341 1642 439 1695 Ipse
471 1642 537 1682 vir
562 1641 840 1683 doctissimus
857 1639 1149 1681 Sabbadinius
1166 1641 1198 1693 4)
1217 1640 1320 1681 item
1340 1640 1579 1680 maximam
1597 1638 1778 1692 agnovit

283 1719 581 1760 difficultatem
630 1720 672 1759 in
720 1718 948 1771 iungendis
995 1717 1191 1771 partibus
1240 1718 1427 1770 (1—12;
1474 1715 1659 1769 13—56)
1700 1728 1775 1755 seu

282 1797 424 1837 verius
466 1797 509 1836 in
550 1795 723 1837 vinculo
767 1795 1039 1836 inveniendo.
1084 1795 1256 1835 Novam
1298 1794 1567 1848 excogitavit
1600 1793 1659 1833 rei
1692 1792 1776 1833 sol—

281 1874 450 1914 vendae
502 1874 728 1922 rationem,
776 1886 908 1927 quam
957 1873 1155 1913 modeste
1201 1871 1440 1913 admodum
1473 1870 1678 1925 protulit:
1714 1869 1776 1919 „11

282 1965 409 1991 nesso
451 1950 563 1991 delle
605 1950 688 1991 due
731 1951 845 2003 parti
882 1951 925 1991 di
957 1950 1098 2004 quest'
1131 1949 1215 1990 ode
1247 1962 1270 1990 e
1302 1963 1473 2003 sempre
1505 1962 1591 1989 una
1622 1947 1774 2000 sfinge.

282 2027 559 2070 Tentiamo''.
594 2027 687 2068 Nos
719 2027 895 2082 quidem
928 2027 1167 2069 audiemus.
1203 2027 1251 2077 „I
1278 2041 1362 2067 v.v.
1397 2037 1535 2066 1-12
1563 2025 1709 2066 hanna
1734 2023 1776 2065 la

282 2113 420 2147 stessa
437 2105 712 2146 intonazione
729 2118 753 2145 e
769 2105 1046 2158 svilluppano
1063 2105 1121 2158 gli
1138 2105 1264 2146 stessi
1282 2103 1468 2158 pensieri
1486 2116 1509 2143 e
1525 2100 1774 2143 sentimenti

333 2307 366 2350 1)
391 2305 448 2340 Cf.
475 2305 627 2340 ibidem.

329 2383 365 2427 2)
392 2383 487 2416 Vide
514 2382 753 2416 Karstenium
777 2382 826 2417 1.1.
849 2393 933 2428 pag.
961 2383 1043 2427 165:
1070 2382 1257 2416 »concedo
1272 2387 1354 2428 post
1369 2382 1512 2416 XXVII
1528 2391 1647 2415 annos
1660 2380 1774 2414 etiam

281 2442 385 2476 haud
422 2452 562 2487 paucos
593 2441 762 2487 captivos
796 2442 1012 2487 superstites
1038 2441 1151 2476 fuisse
1161 2455 1170 2484 ;
1195 2448 1233 2475 at
1260 2453 1349 2476 vero
1376 2453 1461 2476 cum
1488 2441 1526 2475 hi
1553 2451 1658 2475 senes
1685 2439 1773 2474 facti

281 2501 592 2546 quinquagenarii
606 2500 693 2544 fere,
708 2511 840 2535 uxores
854 2501 995 2535 interea
1009 2501 1212 2543 duxissent,
1224 2501 1361 2535 liberos
1375 2506 1634 2545 procreassent
1648 2499 1771 2544 e.q.S.”

329 2579 364 2622 3)
392 2579 484 2612 Item
507 2578 608 2623 apud
630 2578 870 2612 Karstenium
888 2577 956 2612 1.1.:
975 2578 1175 2622 »pleraque
1188 2577 1400 2612 testimonia
1414 2582 1538 2611 tacent
1553 2576 1599 2610 de
1615 2575 1773 2622 captivis

282 2637 464 2682 imprimis
497 2638 784 2671 Monumentum
817 2638 1074 2680 Ancyranum‚
1107 2637 1171 2671 ubi
1205 2648 1334 2671 eorum
1359 2636 1500 2670 mentio
1525 2635 1574 2670 ab
1600 2637 1772 2680 Augusto

281 2706 355 2728 non
382 2702 476 2730 esset
503 2697 651 2739 omissa,
677 2697 706 2731 si
733 2697 770 2730 in
796 2707 926 2730 eorum
953 2697 1163 2742 receptione
1189 2697 1315 2741 aliqua
1342 2695 1470 2730 fuisset
1496 2694 1682 2740 gloriandi
1705 2700 1773 2729 aut

281 2754 444 2789 laetandi
471 2756 661 2790 materia”.

328 2834 364 2875 4)
391 2832 446 2866 Cf.
475 2833 620 2867 Rivista
646 2833 683 2867 di
710 2833 892 2876 Filologia
919 2833 963 2867 ed
990 2833 1191 2867 Istruzione
1217 2833 1393 2867 Classica.
1416 2832 1525 2866 Anno
1546 2831 1656 2865 XXX
1683 2839 1770 2876 1902

280 2902 364 2937 pag.
390 2891 471 2934 446.
