1955 3157
899 207 980 248 149

189 323 262 365 illa
318 331 553 379 praecepta
610 326 822 367 castitatis
880 332 924 367 et
980 326 1285 376 continentiae,
1345 342 1458 382 quae
1506 330 1686 372 tradidit

190 402 412 444 Horatius,
449 427 502 431 ——
534 410 633 452 „nal
665 406 857 457 ἔμπαλιν
888 410 961 446 τοῦ
987 409 1029 446 τὲ
1056 408 1197 457 γάμου
1222 411 1294 446 καὶ
1312 413 1387 459 τῆσ
1403 408 1688 449 παιδοποιίασ

190 482 315 521 ἆθλα
347 482 530 535 ἔθηκεν.
553 515 560 522 .
583 515 589 522 .
619 485 701 522 κᾶν
727 485 857 534 τούτῳ
885 484 1190 535 καταβοήσεωσ
1216 485 1263 523 ἐν
1289 487 1343 535 τῷ
1367 485 1572 539 συνεδρίῳ
1590 491 1687 541 περί

188 574 230 598 τε
265 564 341 611 τῆσ
371 564 453 599 τῶν
484 564 697 611 γυναικῶν
734 565 806 599 καὶ
838 565 934 614 περὶ
967 565 1042 612 τῆσ
1072 565 1154 600 τῶν
1186 565 1423 601 νεανίσκων
1454 565 1684 614 ἄκοσμίασ,

187 639 300 690 πρόσ
345 637 590 688 ἀπολογίαν
636 637 687 689 δή
730 652 824 677 τινα
865 642 938 678 τοῦ
978 642 1038 689 μὴ
1081 638 1244 692 ῥᾳδίωσ
1275 638 1464 691 ὃιάΰτὴν
1496 644 1574 679 τὰσ
1604 645 1685 681 τῶν

187 715 338 764 γάμων
365 714 651 766 συναλλαγὰσ
678 716 916 765 ποιεῖσθαι,
946 718 1193 767 γενομένησ,
1211 720 1283 755 καὶ
1301 717 1539 767 ἐναγόντων
1556 721 1685 757 αὐτὸν

186 794 258 829 καὶ
306 792 472 843 ἐκείνην
517 793 828 845 ἐπανορθῶσαι
874 793 1109 845 χλευασμῷ
1152 795 1214 832 ὅτι
1255 794 1451 832 πολλαῖσ
1492 797 1684 845 γυναιξὶν

186 868 350 921 ἐχρῆτο,
394 871 438 907 τὸ
470 871 551 919 μὲν
582 873 750 922 πρῶτον
781 871 1038 923 ἀπεκρίνατο
1072 872 1233 919 αὐτοῖσ,
1266 872 1329 909 ὅτι
1361 874 1411 910 τὰ
1441 874 1522 921 μὲν
1553 874 1683 923 ἄναγ-

184 947 387 983 καιότατα
445 945 676 999 διώρισται,
729 949 780 985 τὰ
826 946 871 986 δὲ
918 947 1055 986 λοιπὰ
1101 946 1313 987 ἀδύνατόν
1360 949 1473 988 ἐστιν
1519 951 1684 1000 ὁμοίωσ

185 1019 536 1075 παραδοθῆναι.”

245 1096 369 1137 Haec
413 1095 586 1138 Cassius
629 1097 729 1138 Dio.
773 1097 890 1152 Quid
929 1097 1307 1140 concludendum?
1341 1099 1595 1154 Augustum
1628 1115 1682 1142 ne

185 1173 337 1214 decem
394 1175 572 1229 quidem
627 1175 751 1215 annis
798 1182 899 1229 post
918 1177 946 1225 1)
992 1189 1145 1217 ausum
1194 1190 1287 1217 esse
1335 1177 1476 1230 legem
1525 1192 1679 1231 rogare

184 1256 338 1292 contra
370 1251 533 1305 probra
565 1251 636 1293 illa
669 1266 694 1293 a
728 1258 859 1306 poeta
891 1253 1113 1294 denudata
1144 1259 1188 1294 et
1219 1254 1439 1296 damnata.

243 1328 307 1370 At
343 1328 462 1371 dicat
493 1329 660 1384 aliquis,
696 1343 783 1370 non
816 1330 850 1370 is
883 1336 976 1370 erat
1008 1329 1251 1384 Augustus,
1286 1333 1360 1386 qui
1394 1346 1480 1373 non
1512 1332 1680 1374 intelle-

181 1412 304 1461 geret
327 1420 498 1447 morum
523 1406 817 1461 corruptelam
835 1413 1080 1448 ceterorum
1100 1408 1313 1449 malorum
1332 1409 1463 1450 fuisse
1481 1411 1677 1451 causam!

182 1485 333 1534 Recte,
367 1485 444 1525 sed
476 1485 581 1539 quid
614 1483 740 1524 inde?
768 1484 930 1525 Ideone
958 1485 1190 1526 dicendum
1218 1493 1284 1527 est
1314 1486 1559 1537 Horatium,
1579 1501 1678 1529 cum

182 1561 237 1602 de
269 1562 318 1602 iis
353 1562 480 1603 rebus
513 1567 678 1615 ageret,
713 1561 755 1602 id
788 1575 876 1602 non
909 1561 1062 1602 secisse
1095 1562 1173 1602 nisi
1207 1563 1418 1605 mandatu
1452 1564 1675 1618 Principis,

182 1645 258 1680 aut
298 1639 340 1680 in
384 1638 560 1680 laudem
592 1639 818 1680 cuiusdam
851 1639 972 1693 legis,
1004 1653 1137 1694 quam
1170 1640 1374 1694 princeps
1406 1655 1485 1682 nec
1519 1641 1678 1684 tulerat

184 1728 263 1757 nec
297 1716 339 1756 id
371 1716 584 1770 temporis
616 1722 710 1757 erat
742 1715 936 1758 laturus?

241 1792 466 1848 Quidquid
524 1794 643 1842 dicis,
704 1793 967 1834 Mommseni
1025 1794 1276 1835 coniectura
1323 1794 1562 1836 admodum
1611 1802 1676 1837 est

180 1870 347 1911 debilis.
407 1870 570 1924 Quidni
628 1870 760 1912 faciat
807 1871 1074 1912 mentionem
1122 1878 1254 1924 poeta
1303 1871 1358 1912 de
1406 1872 1514 1926 lege,
1564 1887 1677 1927 quae

179 1947 440 1989 celebranda
472 1949 510 1988 ei
543 1954 622 1997 est,
655 1947 806 2002 quidni
840 1947 926 1989 ullo
958 1948 1093 1988 verbo
1125 1948 1274 1989 laudet
1306 1949 1542 1991 liberorum
1576 1965 1676 2004 pro-

179 2026 445 2067 creationem
487 2025 756 2079 legitimam?
790 2025 948 2066 Postea
979 2025 1177 2079 prosecto
1211 2025 1440 2079 Augustus
1473 2041 1546 2067 eas
1578 2028 1676 2069 tulit

179 2116 288 2156 quas
316 2103 360 2143 in
387 2108 673 2143 monumento
703 2101 946 2156 Ancyrano
970 2109 1288 2143 commemorat
1304 2102 1424 2156 leges
1443 2104 1498 2157 2>1
1517 2104 1675 2158 „Legi-

179 2179 260 2221 bus
308 2180 431 2220 novis
473 2179 572 2220 latis
614 2179 840 2233 complura
882 2179 1088 2234 exempla
1133 2180 1346 2221 maiorum
1380 2181 1676 2224 exolescentia

179 2256 265 2296 iam
312 2270 370 2296 ex
417 2262 567 2297 nostro
615 2270 693 2297 usu
742 2257 926 2297 reduxi”
975 2263 1019 2298 et
1067 2257 1122 2298 de
1164 2257 1322 2312 quibus
1365 2257 1598 2300 Suetonius
1617 2257 1673 2312 3):

181 2334 350 2387 „Leges
393 2334 648 2375 retractavit
680 2340 756 2375 aut
788 2334 843 2374 de
874 2334 1046 2387 integro
1079 2335 1240 2388 sanxit,
1276 2341 1322 2376 ut
1354 2337 1672 2390 sumptuariam

177 2417 220 2451 et
253 2410 307 2451 de
339 2410 562 2452 adulteriis
594 2416 637 2451 et
670 2411 724 2451 de
756 2411 1008 2464 pudicitia.''

236 2488 420 2528 Annum
462 2493 608 2528 autem
652 2502 738 2528 non
782 2488 988 2530 indicavit
1032 2488 1278 2531 Suetonius,
1323 2489 1409 2530 Dio
1452 2491 1670 2542 indicavit,

228 2658 261 2701 1)
287 2658 392 2692 Haec
417 2657 517 2692 enim
543 2656 643 2692 facta
668 2668 748 2691 esse
774 2657 846 2691 Dio
871 2663 926 2692 est
951 2663 1081 2692 auctor
1106 2669 1139 2692 a.
1155 2669 1189 2693 u.
1204 2669 1235 2694 c.
1263 2658 1342 2703 736.

225 2735 260 2780 2)
288 2734 383 2769 Vide
408 2735 458 2770 ib.
484 2736 532 2779 ΙΙ,
563 2744 615 2769 12.

225 2813 261 2855 3)
287 2812 329 2846 In
357 2812 434 2846 vita
459 2812 495 2847 d.
521 2813 617 2856 Aug.
644 2822 675 2846 c.
701 2820 758 2855 34.
