1955 3157
891 227 947 269 26

164 360 463 415 voluptatibus
504 361 621 402 haud
659 359 783 401 facile
815 360 975 413 fingat;
1009 360 1081 414 qui
1115 360 1157 400 in
1191 358 1346 400 mediis
1377 357 1579 412 periculis
1611 363 1654 398 et

165 439 382 480 aerumnis
430 438 713 492 indigentiam
761 451 839 492 pro
883 436 1018 478 nihilo
1060 437 1192 486 ducit,
1237 450 1289 476 eo
1322 435 1441 489 quod
1473 435 1655 475 aliorum

165 517 360 558 omnium
392 517 622 556 immemor
654 515 820 555 maiora
847 514 969 568 petit.
1001 513 1212 555 Consulto
1240 512 1479 554 dixi:Suz's
1486 511 1654 566 pueris.

166 594 342 635 Etenim
402 607 489 647 quo
545 593 717 646 saepius
764 598 808 633 et
853 592 1061 632 attentius
1107 597 1195 632 tres
1242 591 1404 644 primas
1451 589 1657 644 strophas

166 671 381 725 legebam,
401 684 454 711 eo
472 671 611 724 magis
627 669 973 723 persuadebatur
990 668 1110 720 mihi,
1128 668 1361 709 Horatium
1379 680 1656 721 nequaquam

166 748 236 789 hic
284 748 466 789 oblitum
510 747 640 788 fuisse
682 759 847 796 eorum,
881 759 1030 786 coram
1063 745 1221 799 quibus
1252 757 1499 785 sermonem
1530 757 1656 785 suum

166 826 363 867 haberet.
420 849 477 855 —
535 823 818 877 „Virginibus
865 823 1097 877 puerisque
1144 822 1302 863 canto''
1349 845 1407 851 —
1454 821 1657 875 Virgines

167 903 300 943 modo
344 902 525 952 eximas,
569 914 714 941 nonne
752 900 876 941 facile
908 900 1161 941 conceditur
1191 899 1318 940 valde
1349 912 1445 939 esse
1476 898 1658 939 idoneos

167 993 316 1021 versus
354 979 434 1020 hos
467 984 513 1019 ut
546 979 749 1019 iuvenum
782 978 951 1018 animos
983 975 1297 1031 permoveant?
1329 976 1420 1016 Vix
1452 976 1568 1016 enim
1599 998 1658 1005 —-

168 1064 215 1098 ut
247 1063 418 1098 taceam
451 1056 505 1096 de
537 1056 587 1096 iis
620 1055 693 1109 qui
726 1055 813 1096 iam
845 1060 968 1095 sunt:
1004 1053 1093 1104 „alt
1125 1053 1213 1094 und
1241 1052 1360 1094 kalt''
1389 1077 1442 1083 —
1472 1053 1549 1094 vix
1574 1066 1658 1106 ego

167 1133 345 1175 credere
372 1147 549 1188 possum
569 1132 739 1182 milites,
759 1132 831 1186 qui
849 1132 905 1172 ad
923 1137 1140 1172 maturam
1157 1136 1348 1172 aetatem
1367 1130 1656 1183 pervenerint,

167 1211 427 1252 inflammari
473 1211 634 1252 talibus
679 1208 913 1250 versiculis.
958 1209 1084 1249 Pueri
1116 1222 1234 1257 vero,
1269 1221 1455 1262 quorum
1487 1208 1658 1248 animus

166 1296 211 1331 et
241 1302 407 1341 sensuS‚
441 1288 568 1329 rebus
601 1287 713 1329 fictis
743 1292 864 1328 totus
895 1292 1030 1340 patet,
1064 1309 1123 1315 —·
1154 1285 1256 1339 quia
1288 1299 1439 1326 eorum
1471 1285 1561 1326 vita
1590 1298 1658 1325 res

167 1367 284 1420 ipsas
326 1366 519 1406 nondum
559 1370 745 1418 experta
777 1370 864 1414 est;
898 1387 954 1393 —
987 1363 1100 1404 laete
1131 1362 1240 1403 haec
1272 1362 1500 1416 accipient,
1533 1360 1658 1402 facile

166 1443 407 1484 allicientur
440 1442 677 1482 Homerica
705 1441 776 1482 illa
804 1441 1016 1491 dictione3
1046 1440 1313 1493 cogitatione
1330 1439 1417 1479 iam
1437 1438 1659 1492 rapientur

168 1521 211 1561 in
258 1533 489 1573 campum:
538 1519 647 1569 „sub
689 1519 793 1559 divo
835 1524 878 1559 et
919 1517 1100 1572 trepidis
1139 1517 1181 1557 in
1215 1517 1386 1566 rebus'’‚
1420 1517 1658 1570 depingent

166 1597 248 1638 sibi
280 1598 452 1651 utique:
488 1597 688 1646 „moenia
718 1595 789 1637 illa
815 1595 1027 1649 hostica'',
1057 1600 1317 1636 trementem
1338 1593 1657 1644 „matronam’'‚

166 1681 426 1716 trementem
472 1675 684 1728 virginem
732 1673 941 1726 adultam,
985 1672 1224 1726 depingent
1265 1671 1345 1711 sibi
1378 1677 1480 1711 ante
1513 1670 1659 1710 omnia

167 1753 333 1806 seipsos
364 1758 575 1805 tanquam
605 1763 810 1805 „asperos
837 1750 1025 1799 leones'’,
1056 1749 1290 1802 imaginem
1309 1747 1426 1789 illam
1445 1753 1657 1801 quantum

168 1829 394 1871 dilectam!
429 1842 539 1882 quos
572 1842 678 1882 „per
710 1827 876 1868 medias
909 1827 1023 1880 rapit
1055 1827 1118 1867 ira
1151 1825 1349 1867 caedes’'.

227 1907 350 1947 Haec
398 1909 433 1946 si
481 1907 541 1947 ita
588 1905 793 1959 explices,
843 1904 1118 1958 propositum
1162 1909 1334 1956 poetae,
1377 1901 1496 1955 quod
1528 1915 1659 1955 supra

169 1984 466 2032 indicavimus,
526 1982 738 2036 imprimis
796 1982 978 2029 intuens,
1037 1980 1306 2021 exhortandi
1359 1986 1401 2020 et
1446 1978 1656 2028 movendi,

168 2062 333 2115 optime
375 2075 473 2102 eum
513 2073 692 2101 munere
724 2073 803 2100 suo
835 2059 1032 2100 functum
1065 2071 1172 2107 esse,
1206 2071 1334 2111 spero
1367 2057 1460 2097 fore
1493 2063 1540 2098 ut
1571 2070 1658 2097 non

169 2152 312 2192 neges.
362 2137 407 2179 Si
456 2138 613 2178 deinde
659 2137 714 2177 ad
763 2136 987 2190 proprium
1028 2135 1156 2176 huius
1196 2134 1399 2175 carminis
1432 2133 1658 2173 consilium

169 2216 384 2264 attendas,
418 2221 465 2256 ut
496 2215 561 2265 ad,
584 2215 802 2262 virtutem,
837 2212 1010 2266 qualem
1043 2211 1299 2265 intellegunt
1330 2210 1533 2258 Romani,
1567 2210 1659 2251 alli-

169 2293 321 2342 ciatur,
352 2291 614 2346 perducatur
632 2292 845 2344 iuventus⁷
864 2303 964 2331 eum
983 2303 1069 2330 non
1088 2289 1200 2329 male
1218 2302 1395 2329 carmen
1415 2287 1655 2337 incohasse,

169 2383 307 2422 aeque
338 2375 404 2410 est
435 2367 674 2409 fatendum.

229 2445 434 2487 Ostendit
480 2446 593 2485 enim
642 2444 785 2498 pueris
832 2444 1003 2485 virtutis
1049 2441 1213 2483 fructus
1259 2442 1361 2495 ipsis
1402 2440 1658 2494 plerumque

170 2523 455 2576 dulcissimos⁷
489 2521 772 2576 appetendos,
801 2520 901 2561 belli
927 2520 1101 2560 laudem
1119 2525 1163 2560 et
1181 2519 1242 2559 rei
1260 2517 1456 2558 militaris
1472 2516 1657 2570 gloriam

171 2600 397 2653 insignem.
431 2599 601 2652 Quibus
627 2598 741 2639 laete
768 2598 884 2651 capti
912 2597 1052 2650 parati
1071 2596 1208 2649 magis
1226 2600 1353 2635 erunt
1370 2594 1425 2634 ad
1442 2593 1658 2634 audienda

172 2676 349 2729 reliqua.
389 2676 587 2730 Quantas
619 2682 765 2716 autem
799 2673 1072 2714 difficultates
1104 2679 1149 2713 et
1180 2672 1467 2712 obscuritates
1500 2683 1657 2724 provo-

170 2767 330 2806 cemus,
372 2754 406 2793 si
448 2766 546 2793 cum
590 2753 866 2793 Mommseno
898 2764 977 2805 pro
1009 2750 1154 2804 pueris
1186 2749 1266 2789 illis
1297 2747 1470 2789 adultos
1501 2747 1658 2788 substi-

171 2837 368 2880 tuamus;
413 2836 457 2870 et
494 2843 606 2883 quae
638 2835 770 2884 poeta
805 2828 1003 2869 universe
1033 2833 1206 2868 tantum
1239 2825 1450 2879 depinxit,
1483 2823 1658 2878 definite
