1955 3157
981 268 1034 306 82

316 398 438 438 Haec
470 398 603 439 verba
636 396 876 450 retorqueri
909 409 1038 449 posse
1071 395 1274 436 existimo
1303 401 1347 435 et
1373 395 1416 435 in
1444 397 1584 449 ipsum
1603 395 1748 450 Krep-

256 474 417 528 pelium
449 481 493 516 et
520 475 562 515 in
590 473 819 515 nonnullos
847 472 954 513 alios
976 473 1248 526 interpretes.
1268 470 1387 524 Quid
1403 473 1519 512 enim
1538 472 1749 514 Horatius

256 552 299 592 in
345 552 413 592 his
460 552 554 592 odis
600 551 790 592 scribere
832 550 1010 591 tandem
1054 550 1209 603 potuit,
1252 563 1340 604 quo
1383 564 1482 591 eum
1524 556 1639 591 tecte
1680 549 1749 590 vel

255 629 492 669 tectissime
548 628 739 682 Augusti
796 628 1002 667 virtutem
1060 626 1326 680 significasse
1384 640 1471 667 non
1528 626 1749 668 dicerent?

257 704 373 758 Quid
406 730 464 736 —
496 706 766 758 interrogare
795 704 923 744 velim
951 704 1355 745 Domaszewskium
1386 729 1440 733 —
1458 704 1576 758 quod
1594 717 1749 745 monu-

257 789 452 824 mentum
482 783 769 836 Ancyranum
797 781 1195 836 quomodocunque
1218 795 1304 822 non
1323 781 1544 822 narraret?
1562 781 1748 822 Temere

257 861 371 900 enim
428 860 499 900 hic
546 860 711 913 absque
758 859 845 900 ulla
891 858 1202 912 explanatione
1244 859 1439 899 inscribit
1486 872 1645 912 poema
1691 883 1746 888 --

256 938 456 989 ‘Iustitia'
474 935 505 991 1)
547 962 604 967 --
647 937 863 977 Nimirum
908 937 951 976 in
995 936 1281 977 Monumento
1324 936 1598 977 desideratur
1630 949 1748 987 ‘con-

257 1016 457 1056 stantiae'
489 1015 862 1056 commemoratio,
898 1012 1205 1067 „Clupeusque
1232 1027 1387 1055 aureus
1415 1014 1456 1054 in
1481 1012 1613 1055 Curia
1641 1013 1749 1055 Iulia

257 1093 436 1146 positus,
480 1105 612 1146 quem
655 1091 759 1131 mihi
798 1098 998 1132 senatum
1030 1090 1328 1145 populumque
1361 1091 1611 1132 Romanum
1644 1090 1749 1131 dare

255 1170 428 1210 virtutis
459 1169 715 1210 clementiae
748 1168 937 1209 iustitiae
969 1168 1144 1221 pietatis
1175 1181 1306 1209 causa
1339 1174 1548 1209 testatum
1580 1173 1646 1209 est
1672 1181 1749 1222 per

257 1247 348 1287 eius
380 1247 520 1299 clupei
558 1245 926 1299 inscriptionem.‘'
961 1245 1117 1299 Neque
1146 1245 1387 1286 notandum
1416 1258 1510 1285 esse
1539 1245 1665 1286 duxit
1683 1245 1749 1286 vir

257 1324 547 1374 doctissimus,
581 1323 634 1363 de
668 1322 839 1363 iustitia
872 1336 958 1362 non
987 1322 1171 1363 multum
1200 1322 1349 1376 utique
1376 1322 1538 1362 dixisse
1556 1328 1748 1376 poetam,

257 1401 312 1441 de
358 1401 604 1441 constantia
645 1406 792 1441 autem
836 1400 975 1453 egisse
1018 1399 1297 1453 praesertim!
1341 1400 1421 1453 ipsi
1453 1400 1617 1441 scilicet
1648 1413 1747 1441 cum

257 1484 372 1518 esset
404 1491 482 1518 suo
515 1477 809 1530 pulcherrimo
843 1477 1020 1517 invento
1053 1477 1224 1530 penitus
1257 1483 1423 1530 captus,
1458 1476 1655 1517 sufficere
1682 1483 1749 1518 est

257 1555 410 1604 visum,
441 1555 627 1608 primam
654 1554 857 1594 carminis
878 1567 1032 1594 vocem
1050 1553 1105 1593 ad
1123 1552 1470 1593 confirmandam
1487 1554 1747 1595 sententiam

258 1638 410 1685 aptum
457 1631 666 1685 praebere
713 1637 1033 1684 argumentum.
1082 1631 1287 1684 Apparet
1327 1636 1473 1671 autem
1517 1631 1748 1685 unicuique

258 1709 341 1750 hac
388 1709 557 1749 ratione
604 1722 690 1748 non
733 1709 914 1748 carmini
956 1708 1291 1761 expositionem,
1335 1708 1602 1760 expositioni
1643 1721 1748 1748 vero

258 1787 399 1840 ipsum
417 1799 593 1826 carmen
611 1786 948 1826 accommodari.
963 1785 1132 1826 Ansam
1151 1785 1342 1839 aliquam
1357 1785 1558 1838 praebuit
1570 1785 1746 1839 quidem

258 1863 468 1904 Horatius
499 1863 565 1903 his
595 1863 1024 1916 interpretationibus
1051 1861 1317 1903 nominando
1344 1875 1459 1902 novo
1483 1863 1574 1903 eius
1590 1862 1748 1915 glorio-

258 1953 395 1993 soque
426 1940 601 1980 nomine
629 1940 882 1993 principem,
911 1940 987 1980 sed
1015 1939 1119 1993 quid
1148 1940 1305 1980 mirum
1332 1939 1416 1979 hoc
1443 1939 1567 1980 loco?
1592 1939 1749 1980 Nonne

259 2016 488 2069 Augustus
536 2022 666 2067 recte,
714 2017 880 2070 absque
922 2017 1038 2056 omni
1076 2016 1325 2056 adulatione
1359 2016 1443 2056 dici
1474 2017 1618 2070 potuit
1649 2030 1749 2070 pro-

258 2095 389 2147 positi
421 2095 485 2135 sui
518 2094 693 2147 egregie
724 2093 885 2134 tenax?
913 2092 1012 2146 Qua
1039 2094 1199 2134 virtute
1225 2093 1260 2133 si
1289 2099 1468 2134 ornatus
1495 2107 1582 2133 non
1599 2093 1749 2134 fuisset

259 2172 436 2212 minime
463 2171 608 2211 hercle
634 2170 690 2211 ad
717 2184 933 2211 summam
961 2169 1219 2223 dignitatem
1248 2170 1516 2223 pervenisset
1543 2170 1655 2210 inter
1681 2175 1748 2212 tot

258 2254 491 2302 tantasque
507 2254 755 2300 temporum
773 2260 1016 2289 aerumnas,
1036 2246 1167 2287 Adeo
1183 2253 1411 2300 praeterea
1423 2247 1534 2287 inter
1545 2246 1749 2301 aequales

259 2326 406 2378 magni
425 2324 750 2378 aestimabatur,
769 2324 1011 2377 divinisque
1029 2323 1269 2365 honoribus
1285 2329 1378 2365 tum
1396 2324 1607 2377 temporis
1623 2329 1671 2364 ut
1688 2324 1749 2364 ita

260 2402 403 2442 dicam
435 2401 750 2450 cumulabatur,
784 2407 832 2442 ut
859 2401 950 2442 -iam
983 2400 1213 2442 referretur
1239 2401 1281 2440 in
1309 2414 1537 2441 numerum
1564 2400 1747 2441 heroum

261 2478 445 2530 illorum,
477 2479 551 2532 qui
584 2479 625 2518 in
658 2477 827 2519 coelum
854 2478 1089 2518 ascendere
1116 2484 1362 2518 meruerant
1389 2491 1477 2518 non
1503 2477 1644 2518 solum
1671 2478 1747 2518 sed

641 2576 701 2610 »in
726 2576 831 2610 caelo
856 2586 941 2610 cum
967 2575 1024 2610 dis
1049 2586 1160 2619 agere
1184 2575 1356 2609 aevum'’.

262 2665 325 2707 At
358 2680 455 2706 cum
489 2666 533 2706 P.
570 2666 786 2707 Corsseno
804 2667 835 2720 2)
864 2667 906 2706 in
933 2666 1113 2707 dubium
1141 2678 1275 2706 voco:
1306 2664 1437 2714 „Will
1464 2665 1540 2704 der
1565 2664 1748 2706 Dichter

314 2796 346 2838 1)
371 2794 467 2828 Vide
494 2795 542 2829 l.l.
568 2805 652 2840 pag.
679 2803 761 2839 305.

310 2872 346 2911 2)
373 2870 428 2905 Cf.
457 2871 506 2905 l.l.
533 2881 617 2915 pag.
645 2879 724 2915 590.
