1955 3157
996 211 1046 253 71

322 332 403 386 ὃὸ.
437 331 669 373 ADDITUR
697 340 843 373 HUIUS
874 340 1175 373 SENTENTIAE
1207 340 1341 373 NOVA
1373 341 1720 376 CONFIRMATIO.

332 427 432 468 Hoc
463 441 597 469 unum
628 427 759 468 velim
793 427 968 468 addere.
996 427 1231 481 Impugnet
1257 427 1475 482 quispiam
1504 428 1616 469 hanc
1633 429 1772 483 expli-

271 505 490 547 cationem
533 503 743 545 dicendo:
787 503 1002 545 Attamen
1044 504 1087 544 in
1119 504 1275 545 ceteris
1307 504 1403 544 odis
1435 505 1645 546 Romanis
1677 506 1770 546 alia

270 582 466 624 laudavit
497 582 588 623 veri
619 582 699 623 viri
732 582 923 635 propria.
958 581 1174 623 Omnibus
1207 582 1338 635 igitur
1369 582 1496 624 simul
1528 596 1604 624 cur
1636 598 1770 624 unum

270 673 447 700 carmen
480 673 567 700 non
599 659 905 700 constituitur?
939 658 1096 712 Agunt
1128 659 1242 699 enim
1275 659 1477 713 singulae
1509 659 1563 700 de
1595 661 1768 703 virtute.

330 736 418 778 Sed
451 736 721 790 respondeo:
755 736 962 786 Primum,
996 742 1084 777 tres
1118 736 1214 777 illae
1246 750 1356 791 quas
1383 736 1655 779 laudavimus
1683 752 1770 780 non

269 813 410 856 solum
452 820 554 856 sunt
596 814 870 867 praecipuae,
914 814 990 854 sed
1033 813 1139 854 alias
1177 814 1220 854 in
1252 827 1299 854 se
1330 814 1578 864 continent;
1613 815 1770 856 deinde

269 891 708 933 animadvertendum
750 890 877 945 duco,
920 890 1040 945 quod
1081 897 1296 945 quantum
1338 891 1442 943 scio,
1477 891 1670 933 nondum
1705 898 1769 933 est

268 969 644 1010 animadversum:
674 968 909 1009 Horatium
936 968 979 1008 in
1007 967 1144 1009 altero
1162 974 1333 1010 tanturn
1351 969 1543 1009 carmine
1561 969 1768 1010 virtutem

268 1052 490 1101 spectasse
523 1060 549 1086 a
580 1046 778 1086 sensibus
810 1051 1078 1096 sevocatum‚
1111 1069 1170 1075 —
1202 1052 1250 1087 ut
1282 1046 1343 1088 ita
1375 1046 1518 1087 dicam
1549 1046 1769 1095 „abstrac-

268 1123 402 1173 tam’',
437 1147 494 1153 —
527 1137 626 1164 cum
658 1129 812 1164 contra
844 1123 887 1163 in
920 1123 1077 1164 ceteris
1103 1122 1170 1163 his
1187 1123 1296 1173 odis,
1316 1124 1458 1177 ipsum
1476 1137 1650 1178 semper
1668 1138 1768 1179 pro-

267 1201 392 1254 ponit
433 1200 585 1241 virum
627 1200 696 1241 vel
737 1201 864 1241 deum
907 1200 981 1254 qui
1013 1200 1247 1241 virtutibus
1279 1201 1458 1254 singulis
1491 1201 1578 1242 sint
1610 1202 1765 1243 ornati.

267 1277 336 1318 En
369 1278 651 1319 brevissimus
682 1278 924 1318 carminum
955 1284 1239 1331 conspectus:
1273 1278 1407 1332 ipsius
1440 1285 1597 1332 poetae
1623 1279 1767 1320 verbis

265 1356 473 1396 servatis:

296 1433 350 1474 II.
376 1433 624 1487 pauperies,
640 1433 658 1486 s
681 1441 767 1486 pro
793 1433 947 1486 patria
981 1433 1108 1483 mori,
1128 1432 1144 1483 ,l
1175 1431 1371 1487 virtus‚s
1401 1433 1677 1480 sz'lentz‘um.l
1711 1459 1764 1463 —

385 1510 458 1551 Nil
493 1510 740 1560 „concreti”
774 1510 894 1565 quod
926 1517 1085 1552 vocant
1116 1510 1187 1551 hic
1219 1510 1444 1564 reperitur.

921 1623 1086 1665 Contra
1102 1637 1110 1664 :

314 1719 347 1760 I.
381 1718 456 1760 vir
481 1718 579 1760 viro
605 1718 734 1760 latius
761 1725 843 1761 etc.
862 1717 879 1773 s
895 1733 1072 1760 somnus
1095 1719 1352 1773 agrestium,
1372 1718 1387 1767 l
1403 1719 1539 1760 vallis
1555 1718 1764 1770 Sabinas

265 1796 340 1837 III.
375 1797 536 1838 iustum
568 1803 612 1838 et
644 1803 843 1838 tenacem
876 1797 1042 1838 virum.
1060 1796 1077 1849 s
1108 1797 1277 1838 Pollux
1307 1803 1349 1837 et
1378 1797 1464 1837 alii
1477 1795 1494 1851 s
1525 1797 1683 1850 Iunas

265 1874 342 1916 IV.
377 1888 443 1915 me
474 1874 698 1915 fabulosae
731 1873 849 1916 etos
879 1888 954 1915 vos
990 1873 1220 1916 Caesarem
1253 1875 1389 1916 altum
1423 1881 1505 1916 etc.
1522 1875 1539 1929 s
1567 1888 1652 1916 una
1684 1889 1762 1916 ex-

382 1952 542 2005 cipitur
579 1951 783 2005 stropha:
818 1952 881 1993 IV
915 1951 1104 2004 65—69.
1138 1952 1218 1993 Vis
1249 1952 1400 1993 consili
1435 1966 1607 2006 expers,
1625 1951 1642 2006 s
1674 1952 1762 1994 Sed

381 2030 532 2070 statim
564 2030 781 2084 sequitur:
815 2029 1130 2070 Incontinentis
1169 2029 1289 2083 Tityi
1319 2029 1451 2070 iecur.
1468 2028 1486 2083 s

283 2107 338 2148 V.
371 2113 600 2149 tonantem
632 2107 775 2148 Iovem
795 2112 810 2162 s
843 2107 968 2147 miles
999 2105 1152 2148 Crassi
1166 2107 1183 2162 s
1209 2121 1334 2147 mens
1352 2107 1536 2161 provida
1554 2107 1727 2161 Reguli.
1745 2115 1761 2163 s

263 2185 339 2226 VI.
373 2185 513 2226 donec
560 2185 771 2238 Romane,
814 2186 974 2239 templa
1016 2185 1260 2239 refeceris]
1307 2185 1378 2226 his
1421 2185 1622 2227 iuventus
1663 2193 1761 2228 orta

373 2262 647 2316 parentibus,
666 2262 683 2317 ‘l

322 2359 491 2400 Notatu
533 2358 605 2399 illa
641 2365 741 2400 sunt
773 2358 1041 2412 dignissima,
1075 2359 1177 2413 quia
1209 2364 1516 2413 argumentum
1549 2357 1760 2412 praebere

262 2436 367 2478 mihi
421 2437 622 2478 videntur
670 2443 738 2478 sat
785 2436 961 2477 firmum
1007 2436 1062 2477 ad
1109 2436 1501 2478 demonstrandum
1549 2437 1592 2476 id
1640 2435 1759 2490 quod

261 2514 502 2555 credimus:
551 2514 786 2556 Horatium
833 2514 1021 2556 voluisse
1069 2515 1296 2567 unitatem,
1345 2515 1533 2556 voluisse
1581 2520 1758 2555 cantare

261 2592 468 2634 virtutem
503 2592 764 2633 Romanam.
