1955 3157
902 218 980 259 133

199 340 243 381 di
275 340 307 380 I.
346 349 413 394 35,
449 350 623 392 29—40
655 352 679 379 e
711 339 754 379 in
786 338 1002 380 entrambi
1029 337 1040 377 i
1070 336 1220 391 luoghi
1239 337 1473 391 bisognera
1491 351 1694 393 scorgere

199 418 228 458 il
276 417 491 458 desiderio
540 416 582 457 di
630 415 870 456 cancellare
916 415 1051 456 l’onta
1094 415 1310 468 publica''.
1354 414 1479 468 Quae
1510 416 1694 457 libenter

199 494 491 543 concedimus,
525 507 794 548 quamquam
826 506 914 534 non
946 492 1152 545 intellego
1180 505 1255 532 cur
1282 492 1366 532 hoc
1386 494 1694 534 memoraverit

198 573 385 626 scriptor
417 571 502 612 hoc
534 571 644 611 loco.
679 571 955 611 Desiderium
989 570 1104 610 enim
1137 569 1240 610 illud
1273 582 1360 609 non
1391 576 1483 610 tam
1512 576 1694 623 apparet

199 664 256 690 ex
289 649 555 703 comparatis
588 648 655 689 his
686 648 804 697 locis,
839 661 970 703 quam
1000 661 1078 688 sua
1104 653 1261 701 sponte
1289 660 1345 687 ex
1363 647 1465 700 ipsis
1482 646 1692 687 versibus.

200 727 363 767 Forma
383 726 455 767 illa
472 725 840 779 interrogationis,
860 730 992 779 atque
1010 724 1150 777 magis
1167 723 1351 764 fortasse
1369 723 1693 777 conquestionis

198 804 487 845 exclamatio:

628 879 721 913 »Pro
747 878 851 912 curia
877 877 1092 923 inversique
1117 877 1282 911 mores!’‘

197 977 390 1018 animum
428 975 620 1017 ostendit
651 981 809 1029 poetae
842 974 1065 1015 infamiam
1099 974 1226 1014 istam
1259 971 1436 1026 indigne
1469 972 1692 1012 ferentem.

199 1053 285 1096 Sed
318 1054 597 1108 prosequitur
628 1053 865 1105 interpres:
901 1051 1103 1100 „Percioz
1144 1061 1281 1090 1——12
1316 1049 1456 1091 Giove
1490 1063 1624 1102 regna
1651 1049 1693 1089 in

197 1131 307 1172 cielo
350 1132 389 1184 (e
432 1131 491 1171 ha
533 1144 558 1170 a
598 1143 728 1170 cuore
771 1129 811 1169 le
853 1142 953 1169 cose
986 1128 1151 1181 nostre)
1183 1141 1206 1168 e
1239 1127 1445 1180 Augusto
1478 1127 1519 1167 in
1552 1132 1692 1167 terra:

198 1223 222 1250 e
254 1209 423 1250 intanto
456 1214 572 1248 resta
603 1206 879 1247 invendicata
910 1206 1046 1246 l’onta
1073 1206 1116 1246 di
1146 1204 1292 1254 Carre,
1322 1205 1403 1245 che
1431 1205 1465 1244 si
1483 1210 1695 1257 perpetua

198 1286 268 1327 nei
315 1285 473 1326 soldati
522 1284 703 1334 romani,
747 1283 911 1324 schiavi
955 1283 1023 1323 del
1066 1281 1278 1322 nemico'’.
1324 1281 1399 1322 Ad
1432 1294 1544 1334 quae
1577 1281 1692 1320 idem

198 1363 334 1405 ferme
377 1362 642 1416 respondere
684 1374 886 1415 possum:
930 1360 1047 1401 nullo
1081 1360 1214 1400 modo
1245 1360 1384 1412 premi
1417 1359 1692 1412 captivorum

196 1441 449 1482 servitutem
497 1440 614 1492 apud
660 1439 811 1480 hostes
859 1438 935 1478 sed
983 1451 1134 1478 eorum
1182 1437 1414 1491 zgnavz'am
1462 1449 1693 1489 rerumque

198 1519 498 1560 Romanarum
531 1516 787 1558 oblivionem

604 1610 858 1644 >Anciliorum
883 1615 919 1643 et
945 1608 1106 1643 nominis
1131 1614 1169 1643 et
1193 1614 1302 1653 togae

602 1669 764 1711 Oblitus,
789 1675 1040 1714 aeternaeque
1065 1669 1238 1703 Vestae”.

256 1768 370 1809 Dein
398 1766 562 1808 nullum
590 1766 808 1807 invenitur
834 1766 1016 1806 verbum
1044 1766 1086 1806 in
1109 1765 1248 1807 tribus
1265 1765 1331 1806 his
1349 1764 1554 1818 strophis,
1575 1763 1693 1817 quod

198 1846 337 1900 z'pSius
379 1844 503 1886 urbis
545 1843 707 1885 indicet
749 1842 985 1884 infamiam.
1031 1843 1272 1884 Extremus
1309 1843 1423 1882 enim
1456 1840 1694 1882 versiculus

605 1948 811 1983 »Incolumi
837 1949 927 1982 Iove
952 1953 988 1982 et
1015 1947 1107 1982 urbe
1133 1947 1278 1981 Roma’'

197 2047 437 2089 certissime
470 2045 644 2087 additur
676 2051 723 2086 ut
755 2050 968 2098 augeatur
1000 2057 1151 2084 eorum
1184 2043 1324 2096 culpa.
1360 2042 1406 2084 Si
1438 2043 1532 2096 ipsa
1549 2043 1694 2084 Roma

198 2131 312 2166 esset
359 2124 516 2177 deleta,
566 2124 600 2163 si
647 2123 843 2176 Iuppiter
891 2120 1163 2174 Capitolinus
1211 2135 1268 2161 ex
1314 2134 1413 2161 arce
1460 2134 1538 2161 sua
1579 2127 1694 2162 esset

197 2203 405 2255 deiectus,
433 2201 595 2255 utique,
624 2200 685 2241 ait
713 2205 856 2253 poeta,
886 2197 1237 2252 intellegeremus
1265 2197 1437 2238 exsules
1455 2198 1497 2238 in
1517 2199 1694 2251 regione

197 2279 437 2333 longinqua
493 2291 654 2318 uxores
712 2277 871 2317 ducere
928 2275 1138 2316 barbaras
1191 2275 1268 2315 sed
1317 2274 1463 2316 Crassi
1512 2275 1692 2316 milites:

199 2356 431 2406 „incolumi
465 2356 568 2396 Iove
600 2360 643 2395 et
676 2354 782 2395 urbe
816 2353 987 2394 Roma''
1022 2353 1106 2393 iam
1141 2366 1227 2392 non
1260 2359 1307 2393 ut
1338 2352 1459 2392 servi
1489 2352 1692 2401 „Schiavi

197 2433 268 2475 del
314 2432 511 2475 nemico''
556 2432 632 2472 sed
674 2438 822 2484 turpes
867 2430 1029 2471 mariti
1068 2431 1108 2470 in
1142 2443 1392 2470 socerorum
1426 2431 1558 2470 armis
1591 2443 1693 2470 con-

198 2517 446 2552 senuerunt.
495 2510 664 2564 Quibus
708 2522 871 2563 quaeso
909 2508 1054 2548 verbis
1087 2508 1244 2548 clarius
1275 2521 1399 2548 suam
1432 2509 1693 2549 sententiam

197 2589 424 2630 enuntiare
456 2594 632 2642 poterat
664 2585 900 2627 Horatius?
928 2586 1083 2639 Neque
1109 2591 1200 2626 tam
1218 2598 1463 2638 perperam,
1482 2591 1530 2626 ut
1546 2584 1691 2635 credo,

198 2673 314 2707 esset
354 2679 546 2720 unquam
579 2663 822 2705 intellectus
855 2663 925 2704 hic
957 2663 1089 2713 locus,
1124 2663 1204 2702 nisi
1236 2662 1437 2702 homines
1468 2662 1552 2702 alia
1586 2675 1694 2715 quo-

198 2756 385 2796 cumque
433 2744 565 2784 modo
607 2756 664 2782 ex
706 2755 760 2782 eo
800 2741 973 2781 haurire
1005 2740 1228 2794 cupientes
1262 2739 1506 2781 claritatem
1538 2739 1693 2780 obscu-

200 2826 381 2862 rassent.
