1955 3157
938 210 991 260 65

226 339 280 379 ist
323 339 380 378 im
425 338 632 379 Hinblick
673 339 751 380 auf
776 340 901 379 einen
934 339 1215 380 bestimmten
1248 340 1460 395 Vorgang
1493 342 1569 382 der
1602 343 1716 383 Zeit-

225 414 478 468 geschichte
505 415 708 469 gewahlt.
738 415 821 456 Die
848 415 1004 457 Worte
1030 416 1237 456 beziehen
1265 417 1357 457 sich
1387 418 1465 458 auf
1477 418 1562 458 den
1580 419 1717 460 Treu-

225 492 362 532 bruch
396 492 472 533 des
505 491 634 534 Corn.
670 492 831 534 Gallus.
867 492 962 533 Auf
985 493 1074 533 sein
1091 493 1332 546 tragisches
1351 493 1719 537 Schicksalweist

227 569 337 610 auch
366 569 436 610 die
458 570 697 623 mystische
717 570 1036 624 Feierlichkeit,
1055 571 1135 612 mit
1154 571 1340 612 welcher
1357 571 1427 612 die
1445 572 1719 627 Vergeltung

226 647 472 700 eingefuhrt
504 647 639 688 wird'’
660 649 704 701 1).

286 723 408 764 Haec
440 725 553 766 dixit
585 725 650 765 vir
682 725 972 766 doctissimus.
1006 724 1071 766 At
1103 725 1248 778 potius
1280 726 1525 780 rogandum
1560 734 1638 777 est,
1673 733 1721 768 ut

226 801 394 854 opinor,
439 801 543 855 quid
581 802 636 843 sit
667 816 742 842 cur
775 816 872 843 cum
906 816 959 842 eo
992 801 1215 852 faciamus,
1250 816 1382 857 quam
1416 817 1493 844 cur
1525 817 1612 844 non
1645 805 1719 846 ita.

227 877 402 918 Nullam
444 879 559 918 enim
602 892 778 932 prorsus
820 879 944 920 affert
977 880 1204 920 rationem.
1240 880 1354 921 Nam
1388 881 1543 921 Dionis
1575 881 1720 921 locum

226 955 408 996 laudans
440 955 514 996 ubi
546 956 732 997 habetur
765 956 881 997 LIII.
918 967 984 1008 23.
1019 966 1055 1008 5.
1084 959 1248 1007 (πολλὰ
1272 962 1355 1011 μὲν
1372 963 1452 1013 γὰρ
1468 965 1540 999 καὶ
1557 963 1722 1011 μάταια

226 1037 267 1082 ἐς
299 1038 372 1074 τὸν
392 1036 636 1086 Αὔγουστον
668 1036 890 1090 ἀπελήρει’
922 1033 1120 1075 confiteri
1153 1034 1324 1087 cogitur
1357 1034 1411 1074 de
1441 1035 1535 1088 ipso
1554 1035 1721 1076 Dione:

229 1124 303 1159 „er
359 1110 476 1151 zahlt
532 1112 616 1151 den
674 1110 801 1152 Sturz
854 1111 929 1152 des
977 1110 1127 1152 Gallus
1176 1112 1218 1151 in
1265 1112 1428 1152 seinem
1477 1112 1722 1165 Todesjahr

227 1187 302 1241 (26
333 1202 372 1230 v.
407 1186 551 1240 Chr.);
585 1187 743 1229 daraus
775 1188 944 1242 ergiebt
974 1188 1067 1229 sich
1101 1188 1383 1242 keineswegs,
1419 1189 1521 1229 dasz
1554 1203 1600 1230 er
1633 1196 1722 1231 erst

227 1264 269 1304 in
316 1264 480 1305 diesem
522 1265 655 1318 Jahre
697 1265 766 1305 bei
799 1265 1030 1319 Augustus
1062 1266 1104 1306 in
1139 1265 1357 1318 Ungnade
1389 1265 1502 1306 fiel.''
1538 1266 1620 1307 Per
1651 1280 1721 1307 me

226 1341 339 1391 licet,
388 1348 433 1383 at
475 1355 561 1382 non
603 1342 760 1383 sufficit
802 1343 993 1383 indicare
1036 1343 1160 1384 nobis
1193 1343 1356 1397 aliquid
1380 1344 1494 1397 fieri
1514 1344 1721 1398 potuisse,

227 1426 274 1460 ut
305 1419 534 1460 credamus
568 1419 610 1460 id
644 1433 796 1460 revera
827 1434 913 1460 esse
930 1419 1124 1473 factum.
1155 1421 1387 1461 Praeterea
1404 1422 1574 1462 etiamsi
1592 1429 1723 1463 antea

227 1497 312 1537 iam
346 1495 498 1537 Gallus
531 1496 741 1551 Principis
773 1498 959 1550 gratiam
988 1498 1194 1538 amiserat
1222 1498 1335 1538 male
1353 1504 1500 1539 tamen
1519 1500 1722 1539 convenit

228 1581 404 1627 poetam
452 1575 538 1614 iam
585 1580 679 1615 tum
727 1575 957 1615 cecinisse:
1007 1575 1127 1624 „sein
1175 1575 1417 1629 tragisches
1465 1575 1719 1617 Schicksal‘

227 1658 436 1706 tanquam
485 1652 541 1692 ab
588 1651 794 1705 Augusto
842 1653 921 1706 ipsi
970 1652 1194 1694 inflictum.
1237 1652 1482 1706 Pugnantia
1523 1653 1635 1694 inter
1676 1667 1723 1694 se

227 1730 403 1784 insuper
458 1730 650 1784 loquitur
706 1730 1086 1771 Domaszewskius
1142 1744 1241 1771 cum
1299 1731 1491 1784 Augusti
1538 1732 1722 1772 eximias

229 1807 424 1860 virtutes,
452 1808 563 1849 inter
590 1821 700 1862 quas
726 1807 1011 1858 clementiam,
1031 1807 1197 1849 laudari
1215 1807 1371 1849 doceat
1389 1822 1414 1848 a
1432 1816 1576 1863 poeta,
1595 1809 1722 1850 simul

228 1890 375 1925 autem
418 1883 532 1925 Galli
575 1885 862 1926 miserrimam
905 1892 1069 1926 sortem
1102 1885 1244 1925 eidem
1279 1885 1465 1939 Principi
1497 1886 1720 1927 attribuat.

229 1962 429 2015 Denique
477 1962 596 2016 quod
643 1962 749 2002 mihi
797 1963 1103 2016 gravissimum
1151 1963 1336 2012 videtur,
1386 1963 1502 2003 nulla
1544 1964 1723 2004 omnino

228 2046 425 2080 maneret
457 2040 671 2093 poematis
705 2040 860 2080 unitas.
895 2039 944 2080 In
972 2040 1113 2093 prima
1139 2041 1254 2080 enim
1283 2046 1408 2093 parte
1440 2041 1510 2094 agi
1540 2040 1630 2081 vult
1658 2041 1723 2081 vir

228 2116 383 2158 doctus
425 2117 479 2157 de
521 2117 665 2170 pueris
708 2117 933 2167 Romanis,
977 2118 1019 2158 in
1056 2117 1192 2158 altera
1225 2118 1279 2158 de
1312 2118 1407 2171 ipso
1440 2118 1647 2170 Augusto
1680 2119 1722 2159 in

227 2194 358 2235 tertia
375 2194 553 2234 demum
570 2193 624 2234 de
643 2193 756 2235 Galli
775 2207 929 2248 poena.
949 2194 1048 2235 Hoc
1066 2195 1246 2235 nimium
1265 2208 1358 2235 esse
1372 2195 1469 2249 quis
1481 2208 1568 2236 non
1582 2195 1723 2237 videt?

288 2271 443 2325 Neque
485 2271 657 2325 placere
700 2277 846 2325 potest
887 2272 1035 2325 opinio
1078 2285 1229 2313 eorum
1271 2273 1345 2326 qui
1379 2272 1486 2313 duas
1521 2273 1724 2327 strophas

228 2348 289 2389 ita
335 2348 590 2402 intellegunt
636 2349 759 2403 quasi
806 2348 860 2389 de
898 2348 993 2402 fide
1039 2349 1255 2389 servanda
1301 2348 1505 2403 loquatur
1552 2355 1723 2391 tantum

229 2425 450 2468 Horatius.
500 2426 715 2467 Minorem
763 2427 877 2466 enirn
918 2426 1063 2467 locum
1106 2427 1198 2467 sine
1241 2426 1374 2467 dubio
1416 2433 1603 2480 occupat
1634 2440 1724 2467 vox

231 2501 303 2542 illa
329 2500 496 2555 ,fidele'‚
524 2517 656 2557 quam
685 2509 731 2544 ut
758 2509 903 2544 tantas
925 2517 1055 2557 agere
1073 2510 1219 2557 partes
1237 2503 1355 2544 illam
1374 2510 1490 2545 recte
1507 2510 1723 2557 putemus.

232 2578 521 2620 Doctissimus
548 2580 613 2620 vir
641 2580 932 2633 Niemeyerus
959 2587 1003 2622 et
1031 2581 1101 2621 alii
1130 2581 1174 2621 id
1201 2580 1410 2622 fecerunt.
1436 2581 1638 2635 Longum
1658 2587 1724 2622 est

230 2656 500 2710 singulorum
531 2657 702 2711 singula
727 2658 861 2698 verba
889 2657 1081 2700 laudare.
1102 2658 1201 2712 Ipse
1219 2658 1479 2700 Karstenius
1497 2659 1723 2700 doctrinae

283 2823 315 2865 1)
340 2820 397 2856 Cf.
423 2822 473 2858 1.1.
499 2833 584 2868 pag.
611 2830 690 2867 305.
