1955 3157
958 194 1036 235 113

305 314 537 355 Hiemerus
605 324 710 367 1905
775 314 832 355 1.1.
897 314 1010 364 „Die
1073 312 1317 354 Clementia
1372 314 1449 354 des
1510 314 1738 368 Augustus

247 406 298 432 zu
369 391 546 432 feiern''.
620 391 752 445 Quod
818 392 982 432 scilicet
1041 391 1271 432 deducitur
1332 404 1390 431 ex
1451 391 1740 433 Monumento

248 468 504 522 Ancyrano.

307 545 656 599 Stemplingerus
704 545 815 598 1906
848 569 900 575 —-
936 546 1028 586 Das
1061 545 1299 586 Fortleben
1332 545 1409 586 der
1442 545 1743 586 Horazischen

248 623 388 676 Lyrik
420 624 502 664 seit
533 623 612 664 der
644 624 936 664 Renaissance
971 647 1023 651 —
1059 623 1195 672 „Wer
1226 623 1311 663 den
1344 623 1499 664 Musen
1531 623 1630 676 lieb,
1659 623 1743 663 den

247 700 488 742 entrucken
521 701 582 741 sie
614 702 656 741 in
689 700 758 741 die
791 700 910 741 Welt
942 700 1020 741 der
1052 699 1314 741 Phantasie''
1336 700 1381 753 1).

307 777 661 818 Loeschhornius
700 787 808 830 1907
841 777 896 818 1.l.
931 777 1034 819 facit
1066 791 1165 818 cum
1198 777 1519 831 Rosenbergio.

308 854 901 895 Nauckius-Weissenfelsius
956 856 1064 907 1908
1113 855 1225 904 „Die
1269 855 1425 896 Musen
1466 855 1564 895 sind
1598 868 1643 895 es
1677 855 1746 895 die

250 931 382 972 milde
413 932 628 973 Weisheit
661 932 926 973 verleihen''.

309 1009 828 1063 Kiesslingius-Heinzius
859 1010 915 1051 l.l.
957 1011 1065 1063 1908
1096 1010 1217 1064 (item
1245 1011 1377 1051 etiam
1406 1009 1547 1063 multi)
1569 1010 1747 1059 „Macht

251 1086 339 1128 und
373 1086 539 1127 Wurde
572 1086 649 1127 der
683 1086 861 1127 Poesie'’
883 1088 928 1140 2).

310 1163 565 1217 Garnseyus
604 1176 715 1217 1910
745 1165 801 1206 1.1.
838 1165 926 1214 „Its
960 1165 1098 1205 moral
1131 1165 1165 1205 is
1197 1164 1295 1206 that
1328 1164 1470 1218 might
1501 1165 1598 1219 plus
1631 1165 1748 1218 right

250 1241 453 1282 deserves
486 1248 533 1283 to
565 1242 729 1295 prevail
761 1243 847 1282 and
880 1242 963 1283 will
996 1242 1161 1295 prevail
1193 1255 1299 1282 over
1332 1255 1450 1282 mere
1483 1241 1667 1294 might.''

311 1319 680 1373 Wagenvoortius
713 1320 769 1361 l.l.
789 1322 818 1371 3)
853 1332 974 1373 1911.
1007 1320 1262 1373 „Augustus
1291 1334 1394 1360 vera
1417 1320 1748 1361 immortalitate

251 1405 382 1452 atque
415 1398 642 1439 divinitate
675 1398 854 1451 dignus:
889 1399 1050 1452 quippe
1081 1399 1149 1438 cui
1178 1398 1342 1447 Musae,
1378 1398 1420 1438 in
1449 1404 1576 1439 antro
1605 1398 1748 1438 Pierio

251 1489 349 1517 eum
383 1483 641 1529 recreantes,
674 1475 771 1516 lene
803 1475 909 1516 dent
941 1474 1211 1516 consilium''.

311 1553 384 1593 Ex
431 1567 518 1607 qua
565 1554 891 1594 enumeratione
931 1554 1037 1594 satis
1079 1553 1214 1594 cuivis
1256 1552 1434 1606 planum
1468 1559 1533 1594 est
1563 1551 1748 1604 vocibus,

251 1631 409 1684 quibus
441 1636 620 1671 utuntur
653 1630 838 1672 multum
871 1631 1034 1672 distare
1067 1631 1178 1672 inter
1210 1644 1256 1671 se
1283 1637 1496 1684 auctores,
1526 1644 1573 1670 re
1601 1637 1749 1671 autem

253 1708 442 1749 minime.
492 1708 641 1750 Unum
690 1708 774 1757 alii,
824 1708 894 1749 alii
936 1708 1062 1762 plura
1103 1708 1306 1748 carminis
1339 1708 1445 1749 dant
1476 1713 1746 1761 argumenta.

253 1786 531 1841 Singularum
565 1788 754 1840 partium
788 1787 1024 1840 explicatio
1057 1787 1213 1827 eodem
1246 1785 1383 1826 ferme
1416 1787 1540 1827 redit.

311 1864 571 1906 Karstenius
619 1864 675 1905 l.l.
719 1865 958 1905 rectissime
1001 1863 1085 1904 hoc
1127 1864 1320 1905 monuit:
1354 1862 1574 1912 „Carmen
1605 1863 1750 1916 specie

251 1943 519 1996 tripartitum
553 1941 729 1996 (1—36,
766 1952 951 1994 37—42‚
980 1941 1248 1994 42—finem)
1277 1942 1443 1982 unitate
1471 1954 1557 1981 non
1586 1940 1748 1982 caret.''

253 2019 501 2074 Quamnam
559 2020 651 2073 ipse
697 2020 763 2060 vir
810 2019 1088 2060 doctissimus
1135 2024 1309 2060 tueatur
1356 2019 1570 2059 unitatem
1618 2030 1750 2071 supra

252 2098 499 2138 notavimus
547 2098 589 2138 in
630 2097 750 2138 brevi
795 2103 945 2137 nostro
988 2102 1239 2149 conspectu.
1275 2094 1578 2147 Omnibusque
1609 2095 1750 2135 consi-

253 2174 415 2216 deratis
462 2174 571 2215 haec
618 2174 747 2227 longe
795 2174 963 2227 optima
1010 2173 1135 2214 nobis
1183 2182 1249 2215 est
1295 2173 1388 2213 visa
1432 2172 1748 2226 interpretatio.

253 2251 489 2306 Quodnam
522 2252 747 2306 proprium
780 2251 859 2292 fuit
891 2251 1065 2292 Horatii
1098 2250 1401 2305 propositum?

307 2443 339 2485 ι)
365 2442 469 2476 Haec
494 2441 646 2486 quidem
669 2441 718 2475 ad
741 2453 794 2476 vs.
816 2441 838 2475 6
858 2441 1064 2476 annotavit.
1080 2441 1216 2475 Cetera
1233 2450 1321 2474 vero
1336 2450 1422 2474 curn
1437 2439 1495 2473 his
1510 2439 1751 2480 conveniunt,

255 2501 342 2535 vide
366 2512 451 2547 pag.
480 2511 544 2545 311
575 2512 656 2546 sqq.

303 2598 339 2640 2)
375 2596 492 2631 Addit
530 2606 638 2630 vero:
679 2606 738 2629 »es
776 2594 866 2629 wird
904 2595 988 2629 klar
1022 2595 1108 2629 dasz
1141 2594 1207 2629 der
1242 2594 1399 2628 Dichter
1432 2594 1493 2628 die
1526 2593 1655 2628 Poesie
1680 2605 1752 2627 nur

255 2655 408 2690 auffaszt
433 2656 490 2690 als
514 2655 622 2690 einen
647 2655 730 2689 Teil
755 2654 822 2689 der
844 2654 1135 2689 erleuchtenden
1157 2654 1363 2698 gottlichen
1386 2652 1495 2687 Kraft
1520 2653 1587 2688 des
1602 2653 1750 2699 λόγος.”

304 2745 340 2788 3)
371 2745 422 2779 Ut
454 2744 658 2788 aemulum,
691 2744 756 2789 qui
789 2743 859 2778 fuit
891 2755 997 2778 meus
1029 2749 1115 2778 ante
1150 2743 1219 2778 hos
1253 2743 1347 2777 duos
1373 2753 1505 2785 annos,
1530 2742 1591 2777 hic
1618 2743 1751 2777 saltem

256 2804 408 2839 honoris
434 2815 547 2839 causa
574 2805 778 2839 nominem.

1589 2874 1610 2907 8
