1955 3157
1006 272 1088 313 130

670 389 748 424 Sub
775 401 864 436 rege
889 390 999 424 Medo
1024 391 1171 424 Marsus
1196 396 1232 424 et
1257 390 1405 436 Apulus

669 449 902 484 Anciliorurn
928 455 965 483 et
990 449 1154 484 nominis
1178 455 1214 484 et
1239 455 1350 494 togae

721 508 881 553 Oblitus,
906 515 1156 554 aeternaeque
1181 510 1319 544 Vestae

765 568 948 602 Incolumi
973 569 1063 602 Iove
1088 574 1125 602 et
1152 568 1245 603 urbe
1269 569 1392 603 Roma
1403 569 1435 603 !''

348 677 507 718 Nonne
552 676 722 731 singula
768 676 857 718 fere
904 676 1040 717 verba
1085 675 1350 729 ignominiae
1397 682 1548 717 notam
1594 675 1783 731 indignis

289 754 371 795 illis
402 755 578 796 inurunt
609 760 741 807 atque
773 754 1056 807 imprimunt?

348 830 464 884 Quid
497 832 628 885 igitur
659 831 889 885 descripsit
922 837 1054 885 poeta
1085 830 1165 871 nisi
1199 844 1349 871 eorum
1371 845 1558 885 gravem
1575 831 1784 886 culpam?

347 908 436 950 Sed
481 909 791 962 consanguinei
837 908 880 948 id
927 914 1045 949 certe
1087 921 1175 948 non
1217 907 1441 959 fecissent;
1485 909 1514 949 ii
1557 922 1675 960 vero,
1707 909 1782 964 qui

287 986 564 1026 Mommseno
595 992 773 1027 auctore
805 985 1080 1039 proclamant
1114 985 1242 1034 „dass
1275 985 1344 1026 die
1376 986 1495 1026 Ehre
1523 986 1661 1027 Roms
1689 986 1783 1028 ihre

287 1063 521 1117 Befreiung
566 1061 798 1116 verlange'’
843 1063 964 1103 miris
1006 1076 1111 1103 sane
1152 1063 1297 1103 verbis
1339 1068 1574 1112 uterentur,
1619 1069 1663 1104 et
1706 1063 1782 1104 ad-

287 1140 465 1181 modum
513 1147 743 1194 praeterea
789 1140 1000 1180 obscuris.
1049 1140 1152 1180 Non
1198 1139 1523 1194 exprobrantur
1570 1153 1623 1180 ea
1669 1154 1782 1194 quae

286 1218 430 1259 Roma
475 1218 684 1258 adversus
731 1217 889 1258 milites
937 1217 1052 1266 fecit,
1101 1216 1178 1258 sed
1224 1231 1333 1270 quae
1379 1217 1542 1258 milites
1573 1216 1781 1258 adversus

286 1295 487 1346 Romam,
522 1295 652 1348 idque
684 1295 934 1347 clarissime,
967 1300 1015 1336 ut
1047 1295 1214 1348 opinor.

406 1443 447 1484 b.
481 1443 548 1483 De
578 1443 718 1484 altera
749 1443 967 1484 carminis
990 1449 1136 1496 parte.

345 1550 413 1590 De
468 1551 619 1604 primis
674 1550 867 1603 strophis
924 1549 1150 1590 hactenus.
1200 1549 1248 1590 In
1294 1549 1432 1590 altera
1479 1555 1603 1603 parte
1649 1550 1781 1591 docet

284 1627 584 1668 Mommsenus
617 1627 872 1681 responderi
905 1641 931 1668 a
963 1633 1095 1681 poeta
1127 1626 1195 1667 vel
1227 1627 1261 1667 si
1294 1627 1359 1667 vis
1387 1640 1413 1667 a
1440 1627 1646 1681 principe.
1668 1627 1780 1676 „Mit

283 1705 402 1745 einer
433 1705 532 1745 dem
566 1705 760 1758 Regulus
792 1705 836 1745 in
867 1704 952 1745 den
985 1703 1122 1745 Mund
1149 1703 1352 1758 gelegten
1379 1703 1682 1758 Ausfuhrung,
1701 1704 1779 1744 der

283 1781 525 1835 gesangene
558 1781 723 1822 Romer
755 1782 816 1822 sei
848 1781 948 1822 kein
981 1782 1146 1822 Romer
1177 1781 1302 1822 mehr
1334 1781 1422 1822 und
1450 1781 1527 1822 der
1545 1781 1780 1835 Befreiung

283 1858 402 1899 nicht
434 1858 613 1900 werth’'.
648 1859 724 1913 At,
754 1865 801 1900 ut
828 1859 933 1899 mihi
961 1858 1146 1912 videtur,
1175 1858 1260 1898 hoc
1276 1858 1382 1899 satis
1398 1858 1485 1898 iam
1503 1858 1777 1899 enuntiatum
1828 1851 1830 1853 ¹

284 1936 363 1977 fuit
395 1937 611 1989 prioribus
643 1935 836 1990 strophis
868 1942 1000 1990 atque
1032 1949 1145 1990 quae
1178 1935 1397 1989 Regulus:

712 2047 849 2091 »Signa
875 2057 944 2091 ego
970 2047 1119 2081 Punicis

757 2105 882 2140 Affixa
908 2106 1076 2140 delubris
1101 2112 1137 2140 et
1162 2117 1269 2140 arma

805 2165 988 2200 Militibus
1013 2165 1093 2200 sine
1118 2165 1244 2209 caede,
1271 2165 1364 2199 dixit

708 2225 873 2269 Derepta
900 2225 994 2259 vidi:
1022 2224 1099 2258 vidi
1126 2235 1195 2268 ego
1220 2225 1360 2258 civium

707 2285 862 2318 Retorta
888 2291 992 2329 tergo
1017 2284 1196 2318 bracchia
1221 2284 1340 2318 libero

756 2344 960 2388 Portasque
986 2354 1061 2378 non
1086 2343 1234 2378 clausas
1259 2349 1295 2378 et
1321 2354 1414 2377 arva

803 2403 924 2436 Marte
950 2403 1021 2437 coli
1047 2403 1229 2449 populata
1255 2403 1417 2437 nostro.”

282 2503 436 2543 eadem
483 2503 584 2554 fere,
629 2504 705 2544 sed
746 2517 800 2544 ne
831 2504 942 2544 adeo
977 2504 1153 2557 quidem
1186 2504 1476 2558 ignominiosa
1509 2508 1610 2544 sunt
1641 2508 1774 2556 atque

281 2594 394 2634 quae
439 2594 571 2635 supra
617 2580 791 2621 laudavi
838 2581 972 2622 verba
989 2583 1034 2635 1).
1084 2580 1250 2622 Contra
1292 2594 1371 2621 suo
1404 2581 1537 2634 ipsius
1569 2578 1774 2633 exemplo

332 2759 365 2801 1)
403 2757 507 2791 Idem
544 2757 690 2792 obicere
725 2758 839 2792 velim
873 2757 946 2792 d.v.
983 2757 1191 2801 Garnseyo,
1224 2757 1288 2802 qui
1324 2757 1373 2792 l.l.
1408 2757 1604 2791 annotavit
1628 2755 1678 2790 ad
1703 2756 1773 2791 hos

282 2827 428 2851 versus:
457 2817 602 2860 »Every
629 2816 732 2850 word
757 2816 874 2850 burns
896 2817 984 2850 with
1006 2817 1149 2851 intense
1170 2815 1236 2850 fire
1259 2815 1520 2860 ofmeaning”.
1536 2815 1642 2860 Quae
1657 2814 1774 2850 verba

280 2875 523 2910 libentissime
548 2887 631 2910 mea
658 2875 819 2910 facerem
846 2876 875 2909 si
898 2876 1176 2921 applicarentur
1197 2875 1313 2910 alteri
1323 2881 1435 2920 atque
1451 2875 1584 2909 tertiae
1596 2874 1771 2920 strophis.
