1955 3157
458 1876 500 1900 10

464 2226 502 2262 15

467 2578 513 2603 20

768 827 1069 902 CAPUT
1122 824 1220 894 lV.

799 1086 1088 1144 CARMEN
1126 1085 1205 1136 IV.

585 1221 780 1258 Descende
806 1219 909 1255 caelo
935 1224 971 1252 et
996 1217 1056 1251 dic
1081 1226 1151 1260 age
1176 1213 1269 1248 tibia

585 1282 730 1327 Regina
757 1281 912 1324 longum
938 1276 1109 1321 Calliope
1134 1273 1262 1312 melos,

634 1342 707 1377 Seu
732 1350 825 1374 voce
850 1348 949 1372 nunc
975 1335 1097 1370 mavis
1122 1338 1244 1375 acuta,

682 1401 755 1435 Seu
781 1397 919 1433 fidibus
944 1395 1165 1439 citharaque
1190 1389 1343 1426 Phoebi.

588 1512 763 1549 Auditis?
788 1522 836 1545 an
864 1520 923 1544 me
948 1507 1044 1542 ludit
1070 1504 1245 1540 amabilis

591 1571 767 1607 Insania?
793 1569 923 1604 audire
948 1574 985 1602 et
1010 1566 1140 1601 videor
1165 1564 1247 1610 pios

639 1632 775 1666 Errare
800 1640 866 1675 per
891 1628 1007 1669 lucos,
1032 1634 1213 1660 amoenae

688 1690 791 1734 Quos
816 1694 853 1722 et
877 1697 998 1732 aquae
1023 1684 1185 1719 subeunt
1210 1688 1246 1717 et
1272 1690 1397 1715 aurae.

593 1806 654 1839 Me
680 1802 874 1837 fabulosae
900 1799 1057 1833 Volture
1083 1796 1120 1831 in
1146 1793 1308 1840 Appulo,

595 1862 748 1899 Altricis
773 1866 878 1895 extra
904 1859 1034 1893 limina
1060 1855 1220 1902 Apuliae

644 1922 749 1957 Ludo
776 1920 1051 1964 fatigatumque
1076 1925 1223 1950 sommo

692 1980 841 2015 Fronde
866 1989 965 2013 nova
992 1986 1150 2022 puerum
1176 1971 1375 2019 palumbes

599 2098 752 2138 Texere,
778 2093 915 2128 mirum
942 2090 1043 2136 quod
1070 2089 1164 2123 foret
1190 2085 1377 2126 omnibus,

601 2156 838 2201 Quicumque
863 2152 983 2186 celsae
1009 2149 1140 2184 nidum
1165 2144 1417 2182 Acherontiae

649 2215 849 2258 Saltusque
874 2210 1054 2245 Bantinos
1079 2213 1115 2241 et
1141 2216 1276 2240 arvum

698 2274 840 2317 Pingue
865 2275 992 2305 tenent
1017 2266 1171 2302 humilis
1195 2262 1360 2304 Forenti,

604 2389 655 2424 Ut
680 2392 761 2421 tuto
786 2384 836 2419 ab
861 2382 952 2417 atris
977 2390 1133 2426 corpore
1158 2377 1295 2423 viperis

605 2445 819 2482 Dormirem
846 2448 883 2477 et
907 2441 1014 2484 ursis,
1041 2445 1082 2473 ut
1107 2447 1296 2484 premerer
1321 2445 1428 2469 sacra

654 2507 852 2548 Lauroque
879 2501 1091 2544 collataque
1116 2502 1252 2541 myrto,

703 2564 788 2598 Non
815 2562 894 2596 sine
919 2559 976 2594 dis
1001 2558 1193 2593 animosus
1218 2554 1353 2590 infans.

609 2679 754 2719 Vester,
781 2674 981 2712 Camenae,
1007 2675 1129 2705 vester
1155 2668 1192 2702 in
1217 2666 1356 2701 arduos

611 2736 740 2771 Tollor
765 2733 925 2769 Sabinos
950 2742 1015 2765 seu
1041 2728 1133 2763 mihi
1159 2726 1340 2771 frigidum

660 2797 870 2835 Praeneste,
895 2801 960 2825 seu
985 2789 1105 2823 Tibur
1129 2786 1317 2832 supinum,

709 2854 782 2888 Seu
809 2850 973 2896 liquidae
999 2848 1174 2894 placuere
1199 2845 1324 2879 Baiae.
