1955 3157
935 246 990 298 67

210 380 390 433 Burger‚
435 379 514 419 wie
551 379 612 419 sie
644 378 756 419 einst
787 391 987 432 gewesen
1020 376 1111 417 sein
1144 374 1292 415 sollen.
1328 373 1389 413 Er
1422 372 1598 413 mochte
1632 371 1709 411 der

210 455 458 496 romischen
500 456 637 496 virtus
679 455 749 495 die
791 454 883 495 sich
916 454 996 495 mit
1029 453 1182 506 pietas,
1217 451 1334 491 einer
1368 449 1591 502 religioser
1623 447 1711 489 Ge-

209 533 398 586 sinnung
425 532 501 573 der
527 532 619 572 sich
649 532 727 572 das
756 531 929 585 Heilige
958 530 1071 571 noch
1101 530 1302 583 einpragt
1319 527 1408 567 und
1426 527 1504 567 das
1523 525 1710 578 Spotten

210 610 278 650 ein
313 609 467 650 Frevel
501 609 568 658 ist,
603 608 741 649 sehon
769 622 855 649 von
883 607 1019 648 selbst
1045 605 1294 659 verknupft,
1323 605 1393 644 ein
1416 603 1525 644 Lied
1544 603 1709 656 singen.

210 687 260 727 In
302 685 660 740 Genugsamkeit‚
708 684 966 739 Tapserkeit
1008 683 1097 724 und
1143 679 1465 734 Frommigkeit
1496 679 1575 720 sah
1609 692 1712 719 man

211 769 318 804 stets
365 764 436 804 die
481 777 586 804 vera
631 763 769 804 virtus
812 763 1025 803 Romana.
1071 761 1163 801 Das
1205 760 1282 800 hat
1325 758 1402 799 der
1435 757 1617 798 Dichter
1649 756 1711 797 als

212 841 397 882 Dichter
439 840 713 894 gesprochen
746 839 891 880 indem
925 853 971 880 er
1003 845 1083 880 etc.
1118 862 1175 867 —-
1207 837 1278 878 hic
1310 841 1539 876 enumerat
1570 834 1713 874 varias

212 919 438 973 imagines,
467 918 698 972 variasque
726 917 1028 958 similitudines
1056 930 1081 956 a
1099 922 1230 970 poeta
1248 913 1453 968 prolatas.
1477 935 1535 942 -—
1553 910 1712 951 Wahr-

211 996 297 1037 lich
340 1009 386 1036 er
428 995 572 1036 wollte
614 994 747 1044 nicht,
793 994 895 1034 dasz
939 994 1015 1034 wir
1057 993 1148 1033 ihm
1181 991 1238 1032 all
1270 1005 1320 1031 zu
1354 1003 1496 1044 genau
1530 987 1607 1029 auf
1635 988 1714 1027 das

214 1073 344 1114 Wort
376 1073 526 1113 sahen.
563 1072 624 1112 Er
656 1072 733 1113 hat
765 1072 902 1112 durch
936 1071 1006 1112 die
1039 1069 1255 1121 Szenerie,
1288 1067 1426 1108 durch
1453 1066 1523 1106 die
1553 1064 1714 1114 Bilder,

213 1151 351 1191 durch
395 1149 479 1190 den
523 1149 743 1198 phaselos,
788 1147 926 1188 durch
963 1148 1034 1188 die
1066 1146 1306 1200 Allegorie,
1341 1145 1410 1185 die
1446 1142 1606 1183 Flucht
1637 1155 1714 1182 aus

213 1227 290 1268 der
324 1226 636 1268 Wirklichkeit
668 1226 711 1266 in
744 1226 814 1266 die
846 1225 965 1266 Welt
997 1225 1074 1265 der
1107 1223 1292 1264 Dichter
1324 1219 1623 1276 angetreten.''

275 1305 392 1345 Bene
420 1310 567 1345 autem
595 1303 700 1344 talia
728 1309 828 1344 sunt
855 1301 1161 1355 intellegenda.
1191 1301 1322 1341 Dicat
1349 1299 1464 1339 enirn
1483 1297 1712 1352 quispiam,

213 1384 330 1423 viam
379 1383 536 1423 iterum
581 1388 731 1434 patere
773 1381 829 1420 ad
862 1392 1186 1434 quamcumque
1217 1376 1518 1428 stoliditatem,
1551 1376 1585 1415 si
1619 1388 1714 1415 ver-

214 1473 361 1501 samur
393 1460 436 1499 in
469 1458 699 1499 horrendis
733 1457 813 1497 illis
851 1457 1046 1501 .licentiis
1078 1453 1287 1510 poeticis'.

335 1589 375 1631 b.
410 1588 632 1630 Sententia
663 1586 905 1642 scriptoris.

275 1689 373 1730 Hoc
406 1690 536 1743 igitur
568 1690 758 1743 primum
786 1693 986 1729 teneatur
1004 1687 1199 1736 firmiter,
1220 1692 1267 1727 ut
1284 1686 1518 1726 verborum
1537 1698 1713 1725 sensum

216 1774 427 1820 quantum
470 1766 563 1807 fieri
606 1767 757 1820 possit,
803 1766 858 1806 ad
891 1766 1082 1806 litteram
1115 1763 1398 1817 explicemus.
1433 1763 1538 1804 Post
1571 1763 1718 1802 omnia

216 1858 328 1898 quae
360 1844 478 1885 dicta
510 1845 596 1885 iam
628 1850 743 1893 sunt,
772 1856 912 1897 pauca
938 1841 1166 1883 sufficient.
1198 1841 1246 1881 In
1273 1846 1370 1881 toto
1387 1840 1580 1880 carmine
1598 1840 1716 1880 visus

217 1928 283 1963 est
325 1922 451 1962 nobis
494 1928 626 1975 poeta
668 1934 719 1961 ea
753 1921 920 1961 ratione
953 1919 1107 1973 egisse,
1141 1931 1193 1958 eo
1226 1917 1398 1958 dicendi
1432 1930 1591 1971 genere
1623 1929 1718 1957 esse

218 2013 332 2048 usus,
366 1999 525 2053 quibus
557 2012 644 2038 non
672 1998 774 2038 viris
802 1997 975 2050 adultis,
1004 1996 1080 2037 sed
1108 1996 1254 2049 pueris
1281 1995 1548 2044 ardentibus,
1578 1995 1717 2048 iisque

217 2076 462 2118 litterarum
519 2075 788 2116 Graecarum
846 2088 933 2115 non
981 2074 1158 2128 ignaris,
1206 2073 1446 2114 rectissime
1493 2071 1718 2112 stimulum

218 2154 492 2207 impingeret.
538 2153 771 2206 Proposuit
814 2152 863 2192 iis
906 2152 1132 2204 imagines,
1167 2151 1360 2190 maxime
1393 2149 1573 2190 idoneas
1605 2161 1719 2202 quae

218 2245 369 2272 eorum
411 2231 500 2271 vim
543 2230 717 2283 ingenii,
752 2228 955 2270 ardorem
987 2228 1120 2268 animi
1153 2228 1448 2277 concitarent;
1482 2227 1543 2266 sic
1575 2226 1719 2279 pergit

219 2309 362 2349 facere
394 2309 437 2349 in
469 2308 536 2348 his
567 2307 773 2361 strophis.
806 2306 994 2348 Virtutis
1026 2319 1242 2346 summam
1269 2304 1454 2358 gloriam
1483 2309 1718 2358 postquam

220 2386 388 2435 cecinit,
436 2384 785 2438 subiungendam
834 2397 928 2424 esse
977 2383 1104 2424 duxit
1146 2383 1372 2436 antiquam
1416 2381 1719 2421 Romanorum

220 2464 431 2517 pietatem
474 2476 578 2516 erga
620 2463 739 2503 deos.
785 2461 937 2516 Atque
968 2460 1346 2515 quemadmodum
1378 2473 1440 2499 vs.
1476 2467 1500 2510 7
1529 2458 1722 2499 ostendit

222 2542 272 2582 iis
304 2547 552 2581 matronam
584 2539 786 2581 bellantis
817 2538 995 2592 tyranni
1028 2538 1070 2578 in
1105 2550 1230 2578 muro
1256 2542 1445 2578 stantem
1473 2549 1524 2575 ac
1552 2535 1721 2588 prospi-

221 2618 423 2670 cientem,
481 2618 542 2658 sic
599 2617 655 2657 ad
703 2615 1038 2671 significandum
1089 2614 1272 2655 deorum
1320 2612 1485 2654 cultum
1533 2611 1719 2660 fidelem,

223 2695 545 2735 Eleusiniorum
577 2707 801 2735 sacrorum
836 2692 1055 2734 silentium
1091 2690 1386 2732 commendat.

283 2771 409 2825 Quae
427 2772 638 2825 mysteria
655 2771 758 2825 quia
775 2769 1050 2810 sanctissima
1069 2769 1170 2809 olim
1190 2767 1360 2808 fuerant
1372 2766 1536 2821 populo
1550 2765 1722 2807 Graeco

224 2855 268 2891 et
295 2855 401 2890 tunc
429 2849 597 2889 Romae
624 2860 802 2902 quoque
819 2847 1007 2901 egregiis
1026 2844 1241 2886 nonnullis
1258 2845 1374 2894 viris,
1394 2844 1539 2898 pueris
1555 2843 1722 2896 absque
