1955 3157
939 219 997 261 49

215 352 373 379 nomen
405 338 613 391 Principis
646 337 730 378 hoc
761 337 870 386 loco,
905 350 984 377 nec
1017 338 1059 377 in
1092 336 1228 378 altera
1255 337 1450 391 stropha,
1470 339 1541 379 ubi
1561 339 1708 392 agitur

214 415 269 456 de
316 415 656 464 immortalitate,
700 414 935 469 respondet
976 414 1042 454 vir
1084 414 1261 455 doctus:
1297 414 1410 456 Sane
1443 415 1708 468 lepidissime

215 492 362 533 omisit
397 492 480 533 hoc
512 492 721 533 Horatius
755 492 863 541 „mit
895 491 1052 532 feinem
1085 490 1230 532 Takte
1261 491 1502 532 vermeidet
1534 492 1589 535 H.
1624 492 1709 532 den

216 569 386 609 Namen
434 568 662 609 desselben
709 583 759 609 zu
807 582 990 618 nennen,
1039 568 1186 608 indem
1233 581 1278 608 er
1325 567 1388 608 als
1430 568 1710 621 allgemeines

216 646 375 688 Gesetz
421 646 628 696 hinstellt‚
671 646 773 687 dasz
814 645 891 686 der
921 659 995 687 zur
1027 645 1288 687 Herrschaft
1319 645 1542 700 befahigte
1574 647 1710 687 Mann

217 724 287 765 die
330 724 590 765 Herrschaft
632 724 695 764 als
738 724 832 764 eine
875 722 1031 764 Pflicht
1073 723 1245 774 ausubt,
1289 723 1367 763 der
1408 722 1485 764 der
1526 723 1711 765 hochste

216 801 345 842 Lohn
377 801 512 842 wird’'
533 803 578 854 1).

276 876 401 931 Quae
447 891 715 932 quamquam
762 883 889 918 acute
938 878 1113 918 inventa
1160 883 1275 929 sunt,
1318 877 1424 918 mihi
1469 891 1556 918 non
1586 878 1712 919 satis-

217 955 395 996 faciunt.
429 955 647 1008 Imprimis
680 955 795 994 enim
822 954 1084 995 reiciendam
1112 961 1220 1008 puto
1247 968 1423 995 omnem
1451 956 1711 996 sententiam

217 1046 331 1087 quae
373 1032 467 1072 odis
501 1032 570 1072 his
601 1038 774 1085 turpem
808 1032 937 1072 inurit
969 1037 1144 1072 notam:
1181 1031 1419 1080 „Hofische
1452 1031 1710 1074 Gedichte’'.

219 1108 352 1151 Cuius
384 1110 443 1150 rei
478 1109 589 1150 infra
624 1108 804 1150 reddam
836 1109 1064 1150 rationem.

278 1186 449 1227 Deinde
482 1185 569 1226 oda
601 1186 742 1238 prima
774 1186 924 1240 nequit
955 1185 1030 1226 tali
1059 1187 1287 1239 proposito
1313 1187 1604 1238 accomodari,
1634 1201 1713 1228 nec

218 1270 367 1305 tamen
414 1263 499 1303 dici
541 1269 687 1316 potest
728 1276 814 1303 non
857 1262 913 1303 ad
955 1263 1128 1316 cyclum
1160 1264 1390 1317 pertinere.
1425 1264 1512 1307 Sed
1545 1264 1599 1306 de
1631 1265 1714 1306 hac

218 1354 394 1395 quoque
441 1353 487 1380 re
534 1339 767 1380 dicendum
814 1340 895 1380 erit
937 1340 1059 1380 infra.
1104 1340 1304 1394 Denique
1345 1355 1463 1391 vero,
1504 1366 1561 1372 —
1593 1342 1712 1397 quod

220 1430 332 1458 nunc
378 1417 524 1471 potius
565 1417 788 1471 quaeritur
830 1441 886 1446 —
918 1430 1066 1471 quare,
1100 1431 1236 1472 quare
1267 1419 1445 1459 tandem
1477 1419 1713 1474 aliquando

219 1507 392 1548 semper
439 1493 709 1534 redeundum
758 1494 813 1534 ad
856 1493 1110 1548 Augustum
1153 1495 1246 1536 est?
1279 1495 1543 1549 ‘Angustam
1576 1497 1715 1537 amice

219 1571 471 1625 pauperiem
506 1569 611 1625 pati'
643 1577 687 1612 et
718 1585 769 1612 ea
801 1585 913 1626 quae
944 1578 1197 1626 sequuntur,
1231 1579 1278 1614 ut
1305 1573 1544 1615 luculenter
1570 1581 1715 1616 osten-

220 1649 362 1689 dimus
409 1662 555 1702 supra‚
603 1662 690 1689 non
733 1648 1042 1702 intelleguntur
1085 1650 1164 1690 nisi
1207 1657 1406 1704 spectare
1446 1652 1714 1693 iuventutem

220 1739 369 1767 versus
413 1725 507 1766 illos
549 1726 675 1767 nobis
717 1740 975 1779 persuasum
1018 1733 1094 1768 est.
1130 1727 1355 1782 Numquid
1387 1729 1551 1782 opponi
1584 1728 1716 1770 debet

221 1803 440 1857 Princeps,
491 1802 681 1852 „imbelli
730 1804 932 1844 iuventae
979 1805 1217 1858 poplitibus
1258 1806 1501 1860 timidoque
1533 1807 1713 1860 terg0?''

222 1880 364 1922 Sanae
416 1880 572 1921 mentis
620 1894 802 1934 compos
850 1882 1062 1935 interpres
1110 1882 1251 1923 nullus
1298 1883 1403 1924 talia
1449 1884 1577 1926 dicet.
1627 1883 1716 1925 Sed

220 1971 323 1999 ecce
353 1958 498 1999 subito
530 1958 821 2000 introducitur
853 1958 1094 2013 Augustus,
1130 1960 1262 2014 idque
1288 1960 1518 2014 splendido
1536 1961 1716 2015 quidem

221 2041 450 2089 apparatu,
496 2059 554 2065 --
600 2036 744 2077 velata
790 2042 937 2077 tamen
985 2035 1106 2077 facie.
1157 2036 1222 2078 At
1268 2038 1408 2078 enim:
1456 2045 1537 2078 aut
1579 2037 1717 2079 voluit

221 2113 465 2166 Principem
512 2112 758 2154 celebrare:
806 2113 926 2167 quod
973 2114 1138 2167 apertis
1180 2114 1323 2155 verbis
1366 2121 1488 2156 certo
1530 2115 1716 2166 fecisset,

223 2191 287 2244 (ut
333 2190 377 2230 in
417 2189 503 2230 oda
544 2190 676 2231 tertia
707 2189 825 2242 fecit)
857 2196 938 2229 aut
968 2190 1191 2231 instituere
1223 2204 1382 2244 pueros
1415 2192 1534 2245 quod
1565 2192 1718 2246 utique

222 2268 362 2321 magis
392 2267 564 2309 videtur
597 2281 691 2308 esse
722 2266 964 2320 probabile.

283 2344 329 2386 Si
375 2352 522 2386 autem
569 2358 728 2399 pueros
774 2344 867 2385 vult
914 2344 1085 2395 docere,
1134 2345 1284 2400 quidni
1332 2345 1375 2386 id
1420 2346 1481 2386 eis
1514 2347 1719 2401 proponit

223 2422 342 2477 quod
398 2435 550 2463 eorum
608 2422 920 2476 umusquisque
977 2422 1218 2462 dummodo
1271 2423 1388 2473 velit,
1435 2437 1590 2476 parare
1638 2425 1718 2465 sibi

224 2498 413 2553 poterit?
445 2498 585 2553 Atqui
618 2500 695 2540 vix
726 2499 838 2540 inter
869 2512 943 2540 eos
975 2498 1104 2540 fuerit
1137 2513 1247 2540 unus
1278 2500 1348 2540 vel
1379 2500 1489 2541 alter
1521 2501 1595 2556 qui
1626 2507 1719 2543 tam

225 2589 385 2629 magna
431 2575 599 2617 foveret
645 2576 838 2629 consilia,
883 2582 931 2617 ut
973 2575 1264 2618 Octavianum
1305 2577 1465 2618 imitari
1498 2578 1540 2618 in
1573 2584 1720 2619 mente

225 2653 418 2695 haberet.
453 2652 604 2694 Virtus
635 2659 783 2694 autem
815 2653 871 2694 ab
899 2653 1100 2694 omnibus
1130 2660 1173 2695 et
1200 2653 1379 2707 singulis
1397 2655 1541 2708 parari
1559 2660 1718 2709 potest.

278 2818 310 2860 1)
334 2817 385 2851 l.l.
410 2828 496 2863 pag.
522 2827 603 2861 304.
