1955 3157
913 239 966 281 45

200 378 385 419 quorum
429 363 640 403 Horatius
681 374 795 402 anno
838 375 877 403 u.
897 374 933 401 c.
978 360 1064 412 726
1106 359 1317 413 imprimis
1360 365 1454 399 erat
1497 358 1694 398 memor?

260 440 348 482 Sed
378 440 543 494 pergit:
563 438 685 488 „Nur
703 438 844 490 wenig
861 436 1084 485 merklich,
1104 435 1342 477 besonders
1360 435 1571 488 dadurch,
1592 436 1694 475 dasz

200 517 271 558 die
304 517 459 558 Worte
491 516 613 556 mehr
641 515 897 569 allgemeine
927 514 1125 567 Fassung
1152 513 1295 553 haben
1326 537 1379 541 ——
1398 513 1516 566 quod
1534 513 1694 552 invitus

202 594 416 648 coneedit,
446 593 522 634 sed
551 592 751 634 coactus!
780 617 837 622 —-
860 593 915 633 ist
932 591 1032 632 dem
1049 591 1253 632 weiteren
1272 590 1440 643 Begriff
1451 588 1527 629 der
1544 589 1695 640 virtus,

204 672 341 712 ihrem
360 670 745 724 philosophischcn
764 669 984 722 Umfange
1002 669 1060 708 im
1079 667 1212 709 Sinne
1230 667 1308 707 der
1325 666 1433 708 Stoa
1450 665 1695 719 Rechnung

204 755 429 803 getragen.
464 749 614 789 Etvvas
647 747 770 788 mehr
801 745 1029 801 geschieht
1061 746 1153 786 dies
1185 745 1238 786 V.
1277 755 1451 794 21—24

585 851 749 896 >Virtus‚
774 851 970 885 recludens
996 850 1191 885 immeritis
1216 850 1311 884 mori

586 911 755 955 Caelum,
781 917 917 954 negata
942 915 1102 955 temptat
1128 910 1196 944 iter
1222 909 1296 952 via,

632 971 844 1016 Coetusque
869 970 1041 1014 volgares
1066 974 1103 1003 et
1129 969 1243 1003 udam

682 1030 831 1076 Spernit
855 1030 1014 1064 humum
1040 1028 1206 1073 fugiente
1232 1028 1392 1074 penna.”

206 1133 320 1174 doch
354 1147 414 1183 so,
449 1133 527 1174 das
559 1133 636 1173 der
668 1132 851 1173 Dichter
878 1132 947 1172 bei
974 1132 1052 1172 der
1081 1131 1366 1184 Erwahnung
1392 1131 1469 1170 der
1487 1129 1700 1170 Unsterb-

206 1210 386 1251 lichkeit
418 1210 531 1251 noch
563 1211 718 1250 immer
750 1224 805 1250 an
832 1209 917 1250 den
943 1208 1090 1250 Ruhm
1119 1209 1195 1249 des
1223 1207 1464 1262 gefallenen
1492 1207 1701 1260 Kriegers

206 1289 249 1328 in
281 1295 419 1329 erster
445 1288 569 1328 Linie
595 1286 776 1328 denkt.”
809 1286 975 1327 Callicle
1002 1299 1106 1326 sane
1133 1285 1276 1330 ‘udam
1304 1283 1513 1336 humum'‚
1531 1285 1565 1325 si
1584 1290 1701 1325 recte

207 1366 413 1420 intellego
446 1366 769 1419 interpretatur.
800 1364 1044 1417 Significari
1071 1363 1294 1404 vocabulis
1323 1362 1404 1403 illis
1431 1362 1545 1402 enim
1564 1362 1701 1401 locum

207 1443 327 1484 illurn
368 1443 475 1497 vult,
517 1443 562 1482 in
602 1455 690 1496 quo
733 1441 891 1482 cecidit
922 1440 1045 1481 miles
1078 1454 1156 1493 pro
1190 1440 1331 1493 patria
1364 1452 1576 1492 pugnans,
1611 1451 1700 1487 seu,

207 1520 281 1561 ubi
313 1533 472 1574 corpus
503 1520 594 1560 eius
627 1519 751 1560 iacet.
788 1517 924 1560 Simul
953 1518 1083 1571 igitur
1110 1517 1335 1558 contendit
1362 1517 1498 1558 vitam
1525 1517 1703 1556 immor-

208 1598 340 1639 talem
374 1611 399 1638 a
431 1603 564 1651 poeta
595 1596 829 1650 significari
862 1609 938 1650 per
966 1595 1069 1636 illud
1099 1596 1293 1648 „spernit
1310 1594 1491 1635 humum
1509 1593 1704 1646 fugiente

208 1675 395 1729 penna'’.
440 1675 488 1715 In
520 1674 678 1729 quibus
710 1674 888 1714 omnino
921 1687 1019 1714 cum
1053 1686 1105 1713 eo
1138 1673 1267 1713 velim
1300 1672 1454 1713 facere.
1489 1671 1703 1712 Attamen

209 1752 352 1793 minus
404 1758 520 1794 recte
567 1752 769 1805 congruit
816 1750 920 1792 illud
968 1764 1066 1791 cum
1114 1750 1207 1790 aliis
1255 1749 1448 1790 eiusdem
1496 1748 1704 1801 strophae

208 1829 417 1870 versibus.
450 1828 598 1882 Quare
631 1829 812 1870 militem
846 1828 964 1869 illum
992 1834 1212 1869 mortuum
1240 1840 1445 1880 spernere
1472 1824 1704 1866 dicendum

209 1913 277 1948 est
308 1913 458 1948 coetus
490 1906 718 1960 volgares?

269 1984 431 2025 Iterum
465 1997 570 2037 ergo
603 1990 735 2038 atque
768 1984 925 2024 iterum
958 1988 1218 2036 argumenta
1250 1981 1560 2022 desideramus.

271 2061 362 2110 „At
408 2067 455 2102 tu
498 2061 707 2102 audacter
749 2059 881 2102 satis'’
925 2060 986 2101 ita
1028 2060 1159 2100 audio
1202 2059 1411 2100 lectorem
1454 2058 1567 2098 forte
1601 2057 1705 2097 mihi

208 2139 545 2193 improbantem,
576 2145 623 2180 tu
651 2138 860 2179 audacter
883 2138 1064 2192 requiris
1081 2137 1271 2191 undique
1288 2143 1335 2177 ut
1354 2136 1708 2176 demonstrentur

209 2229 322 2270 quae
367 2216 462 2257 luce
509 2216 692 2256 clariora
739 2215 820 2268 ipsi
869 2214 927 2254 illi
974 2214 1054 2255 viri
1101 2220 1301 2255 cantasse
1343 2213 1578 2253 Horatium
1611 2224 1708 2265 per-

209 2293 372 2334 hibent.
418 2292 499 2334 Cui
542 2306 640 2333 meo
674 2293 764 2333 iure
798 2298 845 2333 ut
877 2291 1009 2332 credo
1041 2304 1220 2345 oppono
1251 2290 1463 2344 imprimis
1496 2302 1708 2343 perquam

211 2371 368 2411 mirum
401 2385 508 2421 esse,
543 2384 620 2424 per
647 2376 714 2411 tot
740 2369 913 2410 saecula
940 2369 1056 2410 viros
1083 2368 1237 2409 doctos
1268 2365 1571 2417 „evidentem”
1591 2365 1708 2406 illam

212 2447 575 2501 significationem
603 2461 760 2502 capere
787 2461 873 2488 non
901 2446 1107 2500 potuisse.
1133 2445 1282 2486 Plures
1301 2445 1515 2486 editiones
1532 2449 1709 2498 praesto

211 2526 338 2566 nobis
370 2531 482 2575 sunt,
517 2538 631 2579 quae
664 2523 956 2577 Peerlkampii
989 2523 1262 2564 coniecturas
1294 2536 1382 2563 non
1409 2521 1558 2575 paucis
1587 2533 1710 2574 prae-

211 2609 435 2644 cesserunt
481 2602 847 2656 generationibus,
898 2600 1072 2654 Eligam
1115 2606 1268 2641 notum
1312 2599 1432 2640 illurn
1474 2598 1710 2639 Dacierum

211 2680 286 2734 qui
344 2679 621 2721 Sanadonem
678 2684 876 2719 secutus:
937 2677 1093 2727 „Voici
1147 2677 1189 2718 la
1236 2675 1425 2717 seconde
1471 2676 1610 2729 partie
1656 2675 1711 2715 de

214 2757 340 2797 l'ode.
385 2757 571 2806 Horace,
616 2758 743 2810 apres
786 2756 908 2796 avoir
953 2754 1074 2808 parle
1115 2754 1170 2795 de
1211 2753 1254 2794 la
1285 2753 1497 2794 vaillance
1529 2753 1639 2793 dans
1669 2751 1712 2791 la

214 2834 444 2887 premiere,
492 2833 613 2887 parle
661 2833 713 2873 ici
758 2832 812 2873 de
854 2831 895 2873 la
937 2837 1062 2873 vertu
1097 2830 1306 2886 politique
1339 2845 1395 2872 ou
1428 2830 1605 2879 morale,
1638 2829 1713 2883 qui
