1955 3157
928 287 985 328 94

213 413 341 448 extra
366 406 537 448 Italiam
569 407 662 460 geri
690 419 817 460 posse
846 419 912 446 res
940 406 1034 459 ipsa
1061 405 1283 458 docuerat,
1312 418 1410 446 cum
1434 404 1702 446 Octavianus

214 484 386 524 abesset
417 497 495 537 per
526 483 790 524 biennium.”

275 561 489 602 Extrema
520 560 627 601 haec
659 561 873 601 sententia
906 573 992 600 non
1025 573 1179 613 parum
1207 558 1433 599 debilitare
1461 559 1565 600 mihi
1589 558 1707 600 vide-

214 645 286 679 tur
331 638 519 691 primum
567 636 896 690 argumentum!
945 636 1145 676 Absente
1187 636 1302 677 enim
1344 636 1539 690 principe
1571 636 1606 676 si
1638 649 1708 676 res

216 720 283 755 sat
314 714 425 755 bene
457 714 692 767 gerebatur
719 714 870 755 melius
897 719 1015 754 certe
1042 719 1174 767 atque
1191 713 1357 767 optime
1373 713 1409 753 si
1427 714 1520 766 ipse
1539 713 1708 753 Romae

217 790 418 844 degeret!
453 791 683 832 Praeterea
715 790 834 845 quod
866 791 1024 832 attinet
1051 791 1107 831 ad
1135 796 1368 844 utrumque
1385 795 1705 843 argumentum,

217 892 274 897 ——
307 868 567 909 Karstenius
601 868 715 908 enirn
749 867 852 908 facit
883 881 982 908 cum
1015 867 1303 916 Mommseno,
1334 872 1376 906 et
1405 866 1485 920 ipsi
1503 865 1708 919 Augusto

219 945 397 985 consilia
429 945 533 986 talia
561 958 647 985 non
674 944 825 986 tribuit
843 968 899 974 —-
916 944 1094 998 quinam
1111 957 1275 998 quaeso
1294 949 1417 983 erant
1435 943 1508 996 qui
1526 955 1708 996 regnum

219 1028 428 1075 cuperent
444 1021 692 1063 transferri?
711 1021 935 1075 Numquid
953 1027 1176 1062 senatores
1193 1021 1272 1061 viri
1291 1020 1547 1074 plerumque
1564 1025 1709 1060 aetate

220 1099 307 1139 iam
353 1099 564 1152 profecti?
607 1099 665 1139 Hi
707 1104 853 1140 autem
886 1112 972 1139 non
1006 1098 1147 1139 solent
1179 1097 1282 1139 talia
1315 1096 1528 1151 migrandi
1562 1096 1709 1136 fovere

221 1175 445 1216 desideria.

280 1252 505 1306 Numquid
538 1253 668 1293 ceteri
701 1253 876 1293 nomine
909 1253 1148 1294 fortunisve
1180 1251 1397 1305 insignes?
1430 1252 1518 1292 Res
1550 1250 1633 1292 fert
1663 1255 1712 1291 ut

221 1330 280 1371 illi
311 1330 509 1370 homines
543 1343 703 1382 magna
735 1330 994 1371 auctoritate
1026 1330 1245 1383 gaudeant
1276 1330 1389 1370 intra
1419 1329 1578 1369 limites
1609 1341 1711 1368 suae

223 1408 422 1461 regionis.
473 1407 652 1448 Praesto
685 1413 749 1448 est
780 1407 884 1461 quid
916 1407 1263 1448 concludendum
1295 1407 1363 1449 sit.
1400 1406 1512 1447 Fieri
1540 1411 1711 1446 tantum

223 1491 381 1538 potest,
430 1491 476 1525 ut
523 1484 654 1538 aliqui
697 1497 841 1524 rerum
885 1497 1096 1525 novarum
1137 1484 1294 1525 stolide
1336 1489 1592 1537 appetentes
1624 1482 1711 1523 tale

225 1561 450 1602 consilium
482 1561 787 1615 excogitarint.

282 1638 419 1693 quue
446 1639 610 1693 absque
638 1639 757 1679 omni
783 1652 860 1692 spe
887 1638 945 1678 rei
965 1638 1284 1693 exsequendae.
1302 1637 1462 1680 Statim
1480 1637 1594 1678 enim
1613 1642 1712 1691 post

224 1716 410 1757 reditum
456 1730 595 1764 suum,
645 1715 922 1764 Octavianus,
973 1718 1016 1756 et
1062 1715 1236 1769 templis
1278 1729 1364 1756 non
1406 1715 1547 1756 minus
1578 1727 1712 1768 quam

224 1794 448 1847 octoginta
491 1793 660 1833 duobus
703 1793 854 1833 urbem
891 1792 1105 1833 adornare
1137 1795 1180 1833 et
1212 1805 1303 1833 rem
1336 1791 1578 1832 firmissime
1610 1804 1713 1831 con-

225 1871 403 1912 stituere
429 1875 635 1924 coeperat
652 1869 697 1923 1).
726 1869 958 1910 Praeterea
975 1869 1123 1922 opinio
1141 1868 1234 1909 illa:
1253 1868 1474 1910 exoletam
1492 1868 1714 1923 regiminis

225 1948 409 1988 sormam
450 1948 552 1987 exui
585 1960 669 1987 non
703 1946 875 1999 posse''‚
908 1959 995 1986 non
1027 1946 1152 1986 firmo
1186 1946 1381 1987 innititur
1414 1945 1711 1987 fundamento.

224 2025 377 2075 Immo,
438 2023 771 2065 innumerabiles
828 2023 1105 2064 difficultates
1162 2036 1261 2064 cum
1313 2023 1407 2077 ipsa
1453 2023 1714 2076 migratione

224 2102 480 2143 coniunctae
512 2107 657 2142 essent
687 2100 769 2140 illis
801 2100 1083 2153 temporibus,
1118 2099 1210 2141 Vix
1242 2106 1316 2140 aut
1348 2113 1402 2140 ne
1434 2101 1510 2140 vix
1536 2099 1712 2154 quidem

225 2179 343 2219 orbis
375 2191 528 2232 pacem
560 2177 867 2218 conciliaverat
899 2176 1166 2218 Octavianus
1197 2190 1276 2217 nec
1308 2177 1388 2217 nisi
1416 2190 1586 2217 summa
1611 2189 1714 2230 pru—

226 2256 374 2296 dentia
416 2263 459 2296 et
494 2254 678 2295 concilio
710 2253 887 2295 ulterius
920 2253 1210 2308 procedebat;
1245 2278 1300 2283 -
1333 2267 1387 2294 ne
1417 2267 1548 2308 quem
1580 2252 1714 2293 offen-

226 2333 361 2383 deret,
395 2345 448 2372 ne
475 2345 552 2372 sua
577 2344 787 2386 quaerere
804 2330 1022 2372 videretur
1040 2344 1139 2371 cum
1157 2329 1419 2383 reipublicae
1436 2330 1713 2372 detrimento,

228 2408 344 2461 Quid
385 2422 488 2450 vero
524 2409 559 2448 si
592 2409 782 2449 Romam
814 2414 861 2448 ut
894 2408 954 2448 ita
985 2408 1128 2449 dicam
1161 2407 1251 2449 fato
1283 2421 1362 2448 suo
1394 2407 1625 2461 proderet?
1656 2431 1712 2436 —

229 2485 276 2525 In
303 2486 397 2538 ipsa
424 2492 570 2526 autem
593 2486 699 2526 urbe
717 2485 840 2526 facile
859 2491 999 2526 totum
1017 2485 1210 2538 regimen
1228 2490 1400 2537 poterat
1418 2485 1711 2525 transmutari.

229 2560 274 2602 Si
307 2575 410 2602 vero
442 2575 527 2601 non
559 2563 708 2603 statim
741 2563 800 2603 ita
832 2568 898 2603 est
929 2561 1113 2602 factum:
1148 2561 1192 2601 id
1219 2561 1278 2601 rei
1305 2559 1546 2602 difficultati
1573 2561 1715 2602 minus

228 2638 505 2679 tribuendum
552 2639 722 2680 videtur
768 2653 900 2693 quam
948 2638 1160 2679 voluntati
1207 2651 1370 2687 eorum,
1403 2637 1560 2692 quibus
1590 2644 1715 2679 vetus

282 2762 314 2803 1)
349 2761 413 2794 Uti
450 2761 487 2794 in
521 2768 764 2795 monumento
797 2762 999 2805 Ancyrano
1033 2768 1201 2796 testatur.
1227 2781 1270 2785 ω-
1293 2770 1328 2803 4,
1358 2770 1397 2804 17
1425 2771 1505 2805 sqq.
1535 2780 1579 2784 —
1607 2761 1715 2794 »Duo

230 2825 265 2852 et
291 2819 480 2862 octoginta
505 2819 646 2864 templa
671 2820 783 2854 deum
810 2820 847 2853 in
873 2820 967 2854 urbe
992 2820 1121 2854 consul
1148 2825 1293 2854 sextum
1319 2830 1362 2853 ex
1389 2819 1539 2853 decreto
1565 2825 1716 2854 senatus

231 2876 353 2919 refeci,
379 2877 482 2911 nullo
508 2878 768 2922 praetermisso
794 2879 896 2923 quod
922 2889 965 2912 eo
992 2885 1160 2924 tempore
1186 2878 1287 2913 refici
1312 2878 1511 2912 debebat.”
