1955 3157
861 253 939 295 147

155 374 264 414 haec
306 380 408 415 sunt
451 374 513 424 iis,
559 386 670 426 quae
710 372 926 414 habentur
959 373 1002 412 in
1035 372 1230 412 versibus
1262 372 1388 412 huius
1421 373 1649 413 carminis:

537 468 647 500 >Mox
672 466 834 500 iuniores
859 466 1007 511 quaerit
1033 465 1225 500 adulteros

537 527 638 560 Inter
663 525 789 560 mariti
815 525 921 559 vina:
948 535 1071 570 neque
1097 524 1200 568 eligit

535 585 606 619 Cui
631 585 745 619 donet
770 584 980 618 intermissa
998 584 1026 628 ¹)
1051 584 1187 629 raptim

535 643 698 688 Gaudia,
723 643 928 678 luminibus
954 643 1106 677 remotis
1118 643 1149 676 :’'

156 727 307 782 Atque
355 728 484 781 paulo
531 734 632 782 post
678 734 726 769 ut
767 732 979 781 appareat
1022 726 1154 780 vulgo
1187 732 1337 767 notam
1369 726 1499 766 fuisse
1532 727 1650 767 illam

155 805 401 846 infamiam:
436 804 554 854 „Sed
584 811 627 846 et
654 804 842 858 populus
869 804 1092 858 quondam
1120 804 1344 844 universus
1362 803 1563 844 ludorum
1581 803 1652 843 die

155 889 200 924 et
245 882 414 935 accepit
457 882 499 922 in
541 881 851 922 contumeliam
883 881 975 921 eius
1008 887 1052 921 et
1085 880 1271 921 adsensu
1303 881 1501 920 maximo
1533 893 1652 920 com-

156 959 359 1012 probavit
385 972 558 999 versum
587 958 630 998 in
658 971 816 998 scaena
844 957 1217 1011 pronuntiatum'',
1237 971 1272 998 e.
1292 972 1334 1012 q.
1354 971 1386 1002 s,
1407 957 1466 998 Et
1484 957 1651 997 denuo:

159 1035 260 1084 „Ex
316 1036 472 1089 quibus
527 1036 618 1076 sive
676 1035 928 1075 criminibus
986 1035 1077 1075 sive
1134 1034 1375 1075 maledictis
1428 1034 1652 1075 infamiam

156 1113 452 1166 impudicitiae
498 1112 700 1153 facillime
747 1112 951 1154 refutavit
993 1118 1038 1153 et
1078 1112 1320 1165 praesentis
1364 1118 1407 1153 et
1450 1118 1652 1165 posterae

155 1191 271 1232 vitae
304 1191 549 1231 castitate.'’
583 1190 900 1230 Verumtamen
933 1189 1157 1242 subiungit
1175 1188 1232 1241 2):
1268 1187 1426 1237 „Circa
1453 1187 1652 1228 libidines

155 1267 297 1308 haesit
353 1273 507 1320 postea
559 1280 749 1321 quoque,
798 1272 845 1306 ut
891 1266 1046 1316 ferunt,
1095 1266 1152 1306 ad
1198 1265 1414 1307 vitiandas
1462 1266 1652 1318 virgines

157 1344 416 1398 promptior,
465 1357 578 1397 quae
625 1344 705 1384 sibi
748 1343 938 1396 undique
981 1343 1112 1383 etiam
1153 1343 1210 1383 ab
1252 1356 1391 1382 uxore
1423 1343 1651 1395 conquire-

159 1422 352 1462 rentur.''
401 1419 527 1474 Quae
575 1427 802 1474 praeterea
843 1420 1157 1461 confirmantur
1198 1434 1224 1460 a
1256 1419 1409 1460 Cassio
1443 1420 1585 1460 Dione
1604 1421 1650 1472 3),

158 1498 230 1538 ubi
274 1498 426 1538 Liviae
469 1504 656 1539 mortem
699 1498 845 1538 tradit.
881 1522 939 1526 —
974 1500 1256 1550 ,,πυθομε’νου
1286 1501 1328 1538 τε·
1358 1513 1476 1538 τινοσ
1506 1501 1652 1551 αὐτῆσ,

156 1581 252 1616 πῶσ
297 1581 369 1616 καὶ
413 1580 450 1615 τί
493 1576 637 1630 δρῶσα
679 1580 786 1616 οὕτω
819 1581 892 1616 τοῦ
923 1577 1169 1628 Αὐγούστου
1199 1579 1517 1630 κατεκράτησεν,
1550 1579 1653 1616 ἀπε-

155 1656 342 1707 κρίνατο,
356 1655 420 1692 ὅτι
437 1656 542 1705 αὐτή
559 1669 600 1693 τε
617 1655 810 1707 ἄκριβῶσ
827 1658 1124 1708 σωφρονοῦσα,
1138 1658 1210 1693 καὶ
1228 1656 1368 1693 πάντα
1384 1657 1434 1693 τὰ
1447 1653 1654 1693 δοκοῦντα

157 1733 270 1781 αὐτῷ
300 1730 439 1782 ἡδέωσ
470 1735 670 1781 ποιοῦσα,
703 1735 775 1770 καὶ
803 1734 854 1770 τὰ
881 1730 1115 1784 ἀφροδίσια
1142 1733 1272 1770 αὐτοῦ
1299 1732 1534 1784 ἀθύρματα
1549 1734 1654 1782 μήτε

156 1810 344 1857 ἀκούειν,
377 1811 482 1859 μήτε
513 1809 813 1847 αἰσθάνεσθαι
845 1805 1267 1862 προσποιουμένησ.”

217 1882 332 1924 Satis
364 1883 474 1923 haec
506 1883 654 1923 omnia
685 1882 913 1932 illustrant,
947 1889 996 1923 ut
1022 1883 1129 1923 mihi
1156 1882 1340 1932 videtur,
1366 1889 1652 1936 quantopere,

157 1960 192 2000 si
223 1973 327 2000 vera
359 1966 425 2001 est
453 1959 714 2000 Mommseni
744 1960 1062 2013 interpretatio,
1090 1959 1333 2000 cavendum
1350 1959 1479 2001 fuerit
1495 1966 1653 2013 poetae

158 2051 211 2078 ne
257 2037 498 2091 principem
546 2037 800 2091 offenderet⁷
849 2051 903 2077 ne
948 2037 1202 2086 „universus
1243 2036 1457 2090 populus''
1502 2049 1654 2076 versus

157 2114 252 2155 illos
284 2115 326 2154 in
360 2114 550 2168 Augusti
583 2115 797 2155 honorem
830 2115 1102 2168 conscriptos
1121 2114 1167 2167 (1)
1200 2114 1419 2166 acciperet
1448 2113 1492 2153 in
1519 2113 1654 2166 ipsius

157 2191 465 2232 contumeliam
479 2191 518 2232 1³⁹
552 2191 653 2232 Non
686 2192 800 2231 enim
828 2191 940 2232 adeo
969 2191 1190 2244 improbat
1217 2196 1349 2244 poeta
1365 2190 1653 2231 conubiorum

158 2269 397 2320 raritatem,
440 2268 557 2321 ipsas
595 2281 699 2308 vero
731 2281 831 2308 cum
862 2268 1092 2321 virginum,
1124 2267 1325 2308 libidines
1357 2266 1527 2308 illicitas
1558 2273 1652 2309 tum

157 2346 415 2400 praesertim
447 2351 747 2387 matronarum
780 2344 1006 2386 adulteria.
1040 2345 1133 2385 Iam
1161 2345 1292 2397 igitur
1318 2344 1488 2398 placide
1515 2344 1654 2398 inqui-

158 2436 304 2464 ramus
335 2422 439 2477 quid
473 2423 515 2463 in
548 2422 630 2463 hac
663 2435 708 2463 re
740 2423 918 2462 omnino
950 2422 1006 2463 sit
1037 2421 1326 2463 sentiendum.

541 2514 741 2549 »Fecunda
765 2515 899 2560 culpae
925 2515 1075 2549 saecula
1101 2514 1251 2560 nuptias

681 2575 844 2619 primum
870 2574 1143 2619 inquz'navere'‘

213 2700 244 2743 Ι)
270 2698 328 2733 Cf.
354 2709 439 2744 pag.
470 2709 548 2742 141.

207 2777 245 2819 2)
270 2775 327 2810 Cf.
354 2775 403 2810 ib.
430 2786 460 2810 c.
488 2785 543 2818 71.

208 2854 244 2896 3)
269 2852 326 2887 Cf.
353 2853 488 2897 LVIII,
513 2863 545 2889 2.
