<?xml version="1.0" encoding="UTF-8"?>
<!DOCTYPE html PUBLIC "-//W3C//DTD XHTML 1.0 Transitional//EN"
    "http://www.w3.org/TR/xhtml1/DTD/xhtml1-transitional.dtd">
<html xmlns="http://www.w3.org/1999/xhtml" xml:lang="en" lang="en">
 <head>
  <title>
</title>
<meta http-equiv="Content-Type" content="text/html;charset=utf-8" />
  <meta name='ocr-system' content='tesseract 3.04.00' />
  <meta name='ocr-capabilities' content='ocr_page ocr_carea ocr_par ocr_line ocrx_word'/>
</head>
<body>
  <div class='ocr_page' id='page_1' title='image "./disputatiocritic00slijuoft_0064.png"; bbox 0 0 1955 3157; ppageno 0'>
   <div class='ocr_carea' id='block_1_1' title="bbox 946 275 998 319">
    <p class='ocr_par' dir='ltr' id='par_1_1' title="bbox 946 275 998 319">
     <span class='ocr_line' id='line_1_1' title="bbox 946 275 998 319; baseline 0 -13"><span class='ocrx_word' id='word_1_1' title='bbox 946 275 998 319; x_wconf 82' lang='grc'>52</span> 
     </span>
    </p>
   </div>
   <div class='ocr_carea' id='block_1_2' title="bbox 218 395 1714 2306">
    <p class='ocr_par' dir='ltr' id='par_1_2' title="bbox 218 395 1714 2063">
     <span class='ocr_line' id='line_1_2' title="bbox 219 395 1709 451; baseline -0.001 -14"><span class='ocrx_word' id='word_1_2' title='bbox 219 396 376 451; x_wconf 88' lang='lat' dir='ltr'>longus</span> <span class='ocrx_word' id='word_1_3' title='bbox 423 397 504 437; x_wconf 90' lang='lat' dir='ltr'>sim</span> <span class='ocrx_word' id='word_1_4' title='bbox 552 397 594 437; x_wconf 93' lang='lat' dir='ltr'>in</span> <span class='ocrx_word' id='word_1_5' title='bbox 642 396 726 437; x_wconf 88' lang='lat' dir='ltr'>hac</span> <span class='ocrx_word' id='word_1_6' title='bbox 773 410 829 446; x_wconf 93' lang='lat' dir='ltr'>re,</span> <span class='ocrx_word' id='word_1_7' title='bbox 879 396 932 437; x_wconf 90' lang='lat' dir='ltr'>de</span> <span class='ocrx_word' id='word_1_8' title='bbox 974 410 1062 451; x_wconf 88' lang='lat' dir='ltr'>qua</span> <span class='ocrx_word' id='word_1_9' title='bbox 1093 396 1178 436; x_wconf 90' lang='lat' dir='ltr'>iam</span> <span class='ocrx_word' id='word_1_10' title='bbox 1211 395 1345 436; x_wconf 86' lang='lat' dir='ltr'>fusius</span> <span class='ocrx_word' id='word_1_11' title='bbox 1377 395 1709 449; x_wconf 82' lang='lat' dir='ltr'>disputavimus,</span> 
     </span>
     <span class='ocr_line' id='line_1_3' title="bbox 221 471 1713 527; baseline 0 -13"><span class='ocrx_word' id='word_1_12' title='bbox 221 474 475 515; x_wconf 89' lang='lat' dir='ltr'>brevissime</span> <span class='ocrx_word' id='word_1_13' title='bbox 521 474 668 515; x_wconf 90' lang='lat' dir='ltr'>omnia</span> <span class='ocrx_word' id='word_1_14' title='bbox 715 473 996 527; x_wconf 87' lang='lat' dir='ltr'>complectar.</span> <span class='ocrx_word' id='word_1_15' title='bbox 1040 471 1247 513; x_wconf 89' lang='lat' dir='ltr'>Nonnulli</span> <span class='ocrx_word' id='word_1_16' title='bbox 1280 473 1395 513; x_wconf 89' lang='lat' dir='ltr'>enim</span> <span class='ocrx_word' id='word_1_17' title='bbox 1427 473 1499 513; x_wconf 89' lang='lat' dir='ltr'>hic</span> <span class='ocrx_word' id='word_1_18' title='bbox 1531 471 1713 515; x_wconf 87' lang='lat' dir='ltr'>Catonis</span> 
     </span>
     <span class='ocr_line' id='line_1_4' title="bbox 221 550 1710 605; baseline -0.001 -13"><span class='ocrx_word' id='word_1_19' title='bbox 221 565 450 602; x_wconf 85' lang='lat' dir='ltr'>memores,</span> <span class='ocrx_word' id='word_1_20' title='bbox 493 552 744 605; x_wconf 83' lang='lat' dir='ltr'>opinionem</span> <span class='ocrx_word' id='word_1_21' title='bbox 777 550 1000 604; x_wconf 89' lang='lat' dir='ltr'>proferunt</span> <span class='ocrx_word' id='word_1_22' title='bbox 1031 551 1122 590; x_wconf 89' lang='lat' dir='ltr'>veri</span> <span class='ocrx_word' id='word_1_23' title='bbox 1155 563 1243 590; x_wconf 91' lang='lat' dir='ltr'>non</span> <span class='ocrx_word' id='word_1_24' title='bbox 1275 550 1401 590; x_wconf 88' lang='lat' dir='ltr'>nimis</span> <span class='ocrx_word' id='word_1_25' title='bbox 1433 550 1710 601; x_wconf 90' lang='lat' dir='ltr'>dissimilem;</span> 
     </span>
     <span class='ocr_line' id='line_1_5' title="bbox 220 626 1711 683; baseline -0.001 -13"><span class='ocrx_word' id='word_1_26' title='bbox 220 636 397 683; x_wconf 89' lang='lat' dir='ltr'>poetam</span> <span class='ocrx_word' id='word_1_27' title='bbox 445 635 546 670; x_wconf 89' lang='lat' dir='ltr'>ante</span> <span class='ocrx_word' id='word_1_28' title='bbox 589 628 739 669; x_wconf 92' lang='lat' dir='ltr'>oculos</span> <span class='ocrx_word' id='word_1_29' title='bbox 780 627 983 668; x_wconf 84' lang='lat' dir='ltr'>habuisse</span> <span class='ocrx_word' id='word_1_30' title='bbox 1024 627 1278 680; x_wconf 87' lang='lat' dir='ltr'>exemplum</span> <span class='ocrx_word' id='word_1_31' title='bbox 1321 626 1514 678; x_wconf 86' lang='lat' dir='ltr'>Catonis,</span> <span class='ocrx_word' id='word_1_32' title='bbox 1548 652 1606 658; x_wconf 91' lang='lat'>——</span> <span class='ocrx_word' id='word_1_33' title='bbox 1637 628 1711 682; x_wconf 89' lang='lat' dir='ltr'>qui</span> 
     </span>
     <span class='ocr_line' id='line_1_6' title="bbox 221 703 1714 760; baseline 0 -14"><span class='ocrx_word' id='word_1_34' title='bbox 221 706 438 759; x_wconf 81' lang='lat' dir='ltr'>repulsam</span> <span class='ocrx_word' id='word_1_35' title='bbox 481 706 658 760; x_wconf 91' lang='lat' dir='ltr'>quidem</span> <span class='ocrx_word' id='word_1_36' title='bbox 700 705 833 753; x_wconf 92' lang='lat' dir='ltr'>novit,</span> <span class='ocrx_word' id='word_1_37' title='bbox 867 718 920 745; x_wconf 92' lang='lat' dir='ltr'>ea</span> <span class='ocrx_word' id='word_1_38' title='bbox 950 710 1098 745; x_wconf 90' lang='lat' dir='ltr'>tamen</span> <span class='ocrx_word' id='word_1_39' title='bbox 1131 703 1248 744; x_wconf 91' lang='lat' dir='ltr'>nullo</span> <span class='ocrx_word' id='word_1_40' title='bbox 1281 705 1415 746; x_wconf 91' lang='lat' dir='ltr'>modo</span> <span class='ocrx_word' id='word_1_41' title='bbox 1446 705 1614 746; x_wconf 87' lang='lat' dir='ltr'>honore</span> <span class='ocrx_word' id='word_1_42' title='bbox 1647 711 1714 746; x_wconf 91' lang='lat' dir='ltr'>est</span> 
     </span>
     <span class='ocr_line' id='line_1_7' title="bbox 220 781 1711 837; baseline 0 -14"><span class='ocrx_word' id='word_1_43' title='bbox 220 784 428 837; x_wconf 88' lang='lat' dir='ltr'>privatus,</span> <span class='ocrx_word' id='word_1_44' title='bbox 462 783 565 837; x_wconf 91' lang='lat' dir='ltr'>quia</span> <span class='ocrx_word' id='word_1_45' title='bbox 592 782 737 832; x_wconf 86' lang='lat' dir='ltr'>talem,</span> <span class='ocrx_word' id='word_1_46' title='bbox 767 781 916 835; x_wconf 92' lang='lat' dir='ltr'>populi</span> <span class='ocrx_word' id='word_1_47' title='bbox 935 787 1238 835; x_wconf 85' lang='lat' dir='ltr'>contemptum</span> <span class='ocrx_word' id='word_1_48' title='bbox 1256 782 1347 822; x_wconf 87' lang='lat' dir='ltr'>sive</span> <span class='ocrx_word' id='word_1_49' title='bbox 1365 783 1496 823; x_wconf 91' lang='lat' dir='ltr'>etiam</span> <span class='ocrx_word' id='word_1_50' title='bbox 1516 782 1711 823; x_wconf 90' lang='lat' dir='ltr'>favorem</span> 
     </span>
     <span class='ocr_line' id='line_1_8' title="bbox 221 858 1712 914; baseline -0.001 -14"><span class='ocrx_word' id='word_1_51' title='bbox 221 860 331 901; x_wconf 88' lang='lat' dir='ltr'>infra</span> <span class='ocrx_word' id='word_1_52' title='bbox 377 873 422 901; x_wconf 91' lang='lat' dir='ltr'>se</span> <span class='ocrx_word' id='word_1_53' title='bbox 469 873 645 914; x_wconf 88' lang='lat' dir='ltr'>prorsus</span> <span class='ocrx_word' id='word_1_54' title='bbox 687 859 879 900; x_wconf 90' lang='lat' dir='ltr'>habebat</span> <span class='ocrx_word' id='word_1_55' title='bbox 897 858 942 912; x_wconf 91' lang='lat'>1).</span> <span class='ocrx_word' id='word_1_56' title='bbox 985 858 1114 899; x_wconf 91' lang='lat' dir='ltr'>Hanc</span> <span class='ocrx_word' id='word_1_57' title='bbox 1145 859 1395 912; x_wconf 86' lang='lat' dir='ltr'>opinionem</span> <span class='ocrx_word' id='word_1_58' title='bbox 1427 865 1557 901; x_wconf 90' lang='lat' dir='ltr'>antea</span> <span class='ocrx_word' id='word_1_59' title='bbox 1589 859 1712 901; x_wconf 91' lang='lat' dir='ltr'>multi</span> 
     </span>
     <span class='ocr_line' id='line_1_9' title="bbox 220 935 1712 990; baseline 0 -13"><span class='ocrx_word' id='word_1_60' title='bbox 220 936 508 978; x_wconf 91' lang='lat' dir='ltr'>defenderunt</span> <span class='ocrx_word' id='word_1_61' title='bbox 525 936 572 990; x_wconf 77' lang='lat'>²),</span> <span class='ocrx_word' id='word_1_62' title='bbox 630 950 708 977; x_wconf 92' lang='lat' dir='ltr'>nec</span> <span class='ocrx_word' id='word_1_63' title='bbox 760 950 843 990; x_wconf 86' lang='lat' dir='ltr'>ego</span> <span class='ocrx_word' id='word_1_64' title='bbox 891 950 988 977; x_wconf 92' lang='lat' dir='ltr'>eam</span> <span class='ocrx_word' id='word_1_65' title='bbox 1035 935 1210 986; x_wconf 89' lang='lat' dir='ltr'>infitior,</span> <span class='ocrx_word' id='word_1_66' title='bbox 1260 936 1501 977; x_wconf 91' lang='lat' dir='ltr'>dummodo</span> <span class='ocrx_word' id='word_1_67' title='bbox 1548 950 1603 978; x_wconf 90' lang='lat' dir='ltr'>ne</span> <span class='ocrx_word' id='word_1_68' title='bbox 1648 937 1712 977; x_wconf 88' lang='lat' dir='ltr'>vis</span> 
     </span>
     <span class='ocr_line' id='line_1_10' title="bbox 220 1013 1713 1068; baseline 0 -14"><span class='ocrx_word' id='word_1_69' title='bbox 220 1015 465 1068; x_wconf 83' lang='lat' dir='ltr'>argumenti</span> <span class='ocrx_word' id='word_1_70' title='bbox 497 1015 624 1055; x_wconf 89' lang='lat' dir='ltr'>nimis</span> <span class='ocrx_word' id='word_1_71' title='bbox 657 1020 894 1068; x_wconf 82' lang='lat' dir='ltr'>prematur.</span> <span class='ocrx_word' id='word_1_72' title='bbox 929 1013 1105 1054; x_wconf 84' lang='lat' dir='ltr'>Etenim</span> <span class='ocrx_word' id='word_1_73' title='bbox 1136 1013 1172 1054; x_wconf 90' lang='lat' dir='ltr'>si</span> <span class='ocrx_word' id='word_1_74' title='bbox 1205 1027 1258 1054; x_wconf 93' lang='lat' dir='ltr'>eo</span> <span class='ocrx_word' id='word_1_75' title='bbox 1285 1027 1423 1068; x_wconf 90' lang='lat' dir='ltr'>usque</span> <span class='ocrx_word' id='word_1_76' title='bbox 1450 1014 1713 1055; x_wconf 82' lang='lat' dir='ltr'>sententiam</span> 
     </span>
     <span class='ocr_line' id='line_1_11' title="bbox 220 1091 1714 1145; baseline -0.001 -13"><span class='ocrx_word' id='word_1_77' title='bbox 220 1091 333 1132; x_wconf 91' lang='lat' dir='ltr'>hanc</span> <span class='ocrx_word' id='word_1_78' title='bbox 379 1105 598 1145; x_wconf 84' lang='lat' dir='ltr'>urgemus,</span> <span class='ocrx_word' id='word_1_79' title='bbox 646 1098 693 1133; x_wconf 92' lang='lat' dir='ltr'>ut</span> <span class='ocrx_word' id='word_1_80' title='bbox 735 1097 913 1145; x_wconf 89' lang='lat' dir='ltr'>poetam</span> <span class='ocrx_word' id='word_1_81' title='bbox 946 1092 1130 1132; x_wconf 90' lang='lat' dir='ltr'>virtutes</span> <span class='ocrx_word' id='word_1_82' title='bbox 1165 1091 1390 1132; x_wconf 91' lang='lat' dir='ltr'>cuiusdam</span> <span class='ocrx_word' id='word_1_83' title='bbox 1423 1091 1501 1132; x_wconf 90' lang='lat' dir='ltr'>viri</span> <span class='ocrx_word' id='word_1_84' title='bbox 1534 1098 1714 1133; x_wconf 91' lang='lat' dir='ltr'>cantare</span> 
     </span>
     <span class='ocr_line' id='line_1_12' title="bbox 219 1168 1710 1223; baseline 0.001 -15"><span class='ocrx_word' id='word_1_85' title='bbox 219 1169 407 1210; x_wconf 89' lang='lat' dir='ltr'>voluisse</span> <span class='ocrx_word' id='word_1_86' title='bbox 454 1168 695 1219; x_wconf 85' lang='lat' dir='ltr'>credamus,</span> <span class='ocrx_word' id='word_1_87' title='bbox 744 1182 796 1209; x_wconf 92' lang='lat' dir='ltr'>eo</span> <span class='ocrx_word' id='word_1_88' title='bbox 839 1169 948 1222; x_wconf 92' lang='lat' dir='ltr'>ipso,</span> <span class='ocrx_word' id='word_1_89' title='bbox 991 1168 1110 1223; x_wconf 90' lang='lat' dir='ltr'>quod</span> <span class='ocrx_word' id='word_1_90' title='bbox 1153 1181 1322 1209; x_wconf 86' lang='lat' dir='ltr'>mernor</span> <span class='ocrx_word' id='word_1_91' title='bbox 1364 1168 1444 1209; x_wconf 85' lang='lat' dir='ltr'>fuit</span> <span class='ocrx_word' id='word_1_92' title='bbox 1476 1168 1587 1209; x_wconf 91' lang='lat' dir='ltr'>illius</span> <span class='ocrx_word' id='word_1_93' title='bbox 1619 1169 1710 1219; x_wconf 89' lang='lat' dir='ltr'>viri,</span> 
     </span>
     <span class='ocr_line' id='line_1_13' title="bbox 220 1245 1712 1300; baseline 0 -14"><span class='ocrx_word' id='word_1_94' title='bbox 220 1259 318 1286; x_wconf 90' lang='lat' dir='ltr'>cum</span> <span class='ocrx_word' id='word_1_95' title='bbox 351 1246 556 1287; x_wconf 89' lang='lat' dir='ltr'>virtutem</span> <span class='ocrx_word' id='word_1_96' title='bbox 585 1247 627 1286; x_wconf 92' lang='lat' dir='ltr'>in</span> <span class='ocrx_word' id='word_1_97' title='bbox 655 1246 904 1287; x_wconf 89' lang='lat' dir='ltr'>universum</span> <span class='ocrx_word' id='word_1_98' title='bbox 932 1252 1144 1296; x_wconf 89' lang='lat' dir='ltr'>cantaret,</span> <span class='ocrx_word' id='word_1_99' title='bbox 1172 1259 1332 1300; x_wconf 87' lang='lat' dir='ltr'>negare</span> <span class='ocrx_word' id='word_1_100' title='bbox 1359 1247 1562 1300; x_wconf 88' lang='lat' dir='ltr'>equidem</span> <span class='ocrx_word' id='word_1_101' title='bbox 1580 1245 1712 1286; x_wconf 90' lang='lat' dir='ltr'>velim</span> 
     </span>
     <span class='ocr_line' id='line_1_14' title="bbox 219 1323 1713 1378; baseline 0.001 -15"><span class='ocrx_word' id='word_1_102' title='bbox 219 1323 263 1363; x_wconf 93' lang='lat' dir='ltr'>id</span> <span class='ocrx_word' id='word_1_103' title='bbox 306 1330 422 1365; x_wconf 91' lang='lat' dir='ltr'>recte</span> <span class='ocrx_word' id='word_1_104' title='bbox 463 1323 567 1365; x_wconf 90' lang='lat' dir='ltr'>fieri.</span> <span class='ocrx_word' id='word_1_105' title='bbox 612 1323 685 1363; x_wconf 86' lang='lat' dir='ltr'>Ex</span> <span class='ocrx_word' id='word_1_106' title='bbox 728 1323 955 1377; x_wconf 91' lang='lat' dir='ltr'>permultis</span> <span class='ocrx_word' id='word_1_107' title='bbox 1002 1324 1180 1364; x_wconf 91' lang='lat' dir='ltr'>omnino</span> <span class='ocrx_word' id='word_1_108' title='bbox 1223 1323 1407 1365; x_wconf 92' lang='lat' dir='ltr'>aliorum</span> <span class='ocrx_word' id='word_1_109' title='bbox 1450 1324 1713 1378; x_wconf 91' lang='lat' dir='ltr'>scriptorum</span> 
     </span>
     <span class='ocr_line' id='line_1_15' title="bbox 218 1400 1713 1455; baseline 0.001 -14"><span class='ocrx_word' id='word_1_110' title='bbox 218 1400 336 1450; x_wconf 90' lang='lat' dir='ltr'>locis,</span> <span class='ocrx_word' id='word_1_111' title='bbox 386 1414 496 1455; x_wconf 88' lang='lat' dir='ltr'>quos</span> <span class='ocrx_word' id='word_1_112' title='bbox 538 1401 797 1454; x_wconf 85' lang='lat' dir='ltr'>interpretes</span> <span class='ocrx_word' id='word_1_113' title='bbox 838 1400 980 1442; x_wconf 90' lang='lat' dir='ltr'>solent</span> <span class='ocrx_word' id='word_1_114' title='bbox 1013 1401 1166 1442; x_wconf 86' lang='lat' dir='ltr'>afferre</span> <span class='ocrx_word' id='word_1_115' title='bbox 1197 1401 1289 1442; x_wconf 90' lang='lat' dir='ltr'>sine</span> <span class='ocrx_word' id='word_1_116' title='bbox 1321 1401 1454 1442; x_wconf 93' lang='lat' dir='ltr'>dubio</span> <span class='ocrx_word' id='word_1_117' title='bbox 1486 1400 1713 1455; x_wconf 84' lang='lat' dir='ltr'>probabile</span> 
     </span>
     <span class='ocr_line' id='line_1_16' title="bbox 219 1477 1712 1533; baseline 0.001 -15"><span class='ocrx_word' id='word_1_118' title='bbox 219 1478 447 1519; x_wconf 88' lang='lat' dir='ltr'>deducitur</span> <span class='ocrx_word' id='word_1_119' title='bbox 502 1485 822 1532; x_wconf 86' lang='lat' dir='ltr'>argumentum,</span> <span class='ocrx_word' id='word_1_120' title='bbox 883 1477 1097 1520; x_wconf 90' lang='lat' dir='ltr'>Catonem</span> <span class='ocrx_word' id='word_1_121' title='bbox 1156 1479 1227 1520; x_wconf 88' lang='lat' dir='ltr'>hic</span> <span class='ocrx_word' id='word_1_122' title='bbox 1280 1486 1501 1533; x_wconf 90' lang='lat' dir='ltr'>spectasse</span> <span class='ocrx_word' id='word_1_123' title='bbox 1533 1485 1712 1533; x_wconf 90' lang='lat' dir='ltr'>poetam</span> 
     </span>
     <span class='ocr_line' id='line_1_17' title="bbox 219 1557 1711 1612; baseline 0 -16"><span class='ocrx_word' id='word_1_124' title='bbox 219 1569 359 1611; x_wconf 89' lang='lat' dir='ltr'>neque</span> <span class='ocrx_word' id='word_1_125' title='bbox 406 1562 571 1597; x_wconf 90' lang='lat' dir='ltr'>temere</span> <span class='ocrx_word' id='word_1_126' title='bbox 613 1557 861 1607; x_wconf 88' lang='lat' dir='ltr'>credidisse,</span> <span class='ocrx_word' id='word_1_127' title='bbox 906 1558 1095 1610; x_wconf 85' lang='lat' dir='ltr'>virgines</span> <span class='ocrx_word' id='word_1_128' title='bbox 1127 1571 1386 1612; x_wconf 89' lang='lat' dir='ltr'>puerosque,</span> <span class='ocrx_word' id='word_1_129' title='bbox 1416 1557 1506 1597; x_wconf 92' lang='lat' dir='ltr'>eius</span> <span class='ocrx_word' id='word_1_130' title='bbox 1534 1569 1711 1611; x_wconf 92' lang='lat' dir='ltr'>quoque</span> 
     </span>
     <span class='ocr_line' id='line_1_18' title="bbox 220 1633 1712 1687; baseline 0.001 -14"><span class='ocrx_word' id='word_1_131' title='bbox 220 1646 436 1674; x_wconf 88' lang='lat' dir='ltr'>memores</span> <span class='ocrx_word' id='word_1_132' title='bbox 474 1648 568 1674; x_wconf 92' lang='lat' dir='ltr'>esse</span> <span class='ocrx_word' id='word_1_133' title='bbox 615 1635 797 1687; x_wconf 85' lang='lat' dir='ltr'>futuros,</span> <span class='ocrx_word' id='word_1_134' title='bbox 844 1648 943 1676; x_wconf 91' lang='lat' dir='ltr'>cum</span> <span class='ocrx_word' id='word_1_135' title='bbox 991 1635 1192 1677; x_wconf 90' lang='lat' dir='ltr'>audirent</span> <span class='ocrx_word' id='word_1_136' title='bbox 1224 1635 1303 1676; x_wconf 86' lang='lat' dir='ltr'>hos</span> <span class='ocrx_word' id='word_1_137' title='bbox 1336 1648 1484 1676; x_wconf 89' lang='lat' dir='ltr'>versus</span> <span class='ocrx_word' id='word_1_138' title='bbox 1502 1633 1548 1687; x_wconf 79' lang='lat'>3).</span> <span class='ocrx_word' id='word_1_139' title='bbox 1583 1634 1712 1676; x_wconf 91' lang='lat' dir='ltr'>Unde</span> 
     </span>
     <span class='ocr_line' id='line_1_19' title="bbox 219 1711 1713 1754; baseline 0.001 -3"><span class='ocrx_word' id='word_1_140' title='bbox 219 1724 323 1751; x_wconf 90' lang='lat' dir='ltr'>vero</span> <span class='ocrx_word' id='word_1_141' title='bbox 380 1725 466 1751; x_wconf 93' lang='lat' dir='ltr'>non</span> <span class='ocrx_word' id='word_1_142' title='bbox 518 1711 700 1753; x_wconf 87' lang='lat' dir='ltr'>efficitur</span> <span class='ocrx_word' id='word_1_143' title='bbox 747 1712 981 1754; x_wconf 90' lang='lat' dir='ltr'>Horatium</span> <span class='ocrx_word' id='word_1_144' title='bbox 1029 1713 1071 1753; x_wconf 89' lang='lat' dir='ltr'>in</span> <span class='ocrx_word' id='word_1_145' title='bbox 1118 1713 1264 1753; x_wconf 91' lang='lat' dir='ltr'>animo</span> <span class='ocrx_word' id='word_1_146' title='bbox 1311 1712 1516 1753; x_wconf 88' lang='lat' dir='ltr'>habuisse</span> <span class='ocrx_word' id='word_1_147' title='bbox 1563 1718 1611 1753; x_wconf 92' lang='lat' dir='ltr'>ut</span> <span class='ocrx_word' id='word_1_148' title='bbox 1657 1711 1713 1752; x_wconf 92' lang='lat' dir='ltr'>de</span> 
     </span>
     <span class='ocr_line' id='line_1_20' title="bbox 220 1788 1711 1844; baseline 0 -16"><span class='ocrx_word' id='word_1_149' title='bbox 220 1788 446 1842; x_wconf 87' lang='lat' dir='ltr'>industria,</span> <span class='ocrx_word' id='word_1_150' title='bbox 494 1795 541 1831; x_wconf 92' lang='lat' dir='ltr'>ut</span> <span class='ocrx_word' id='word_1_151' title='bbox 581 1790 687 1831; x_wconf 90' lang='lat' dir='ltr'>data</span> <span class='ocrx_word' id='word_1_152' title='bbox 729 1803 863 1844; x_wconf 90' lang='lat' dir='ltr'>opera</span> <span class='ocrx_word' id='word_1_153' title='bbox 896 1788 1108 1831; x_wconf 91' lang='lat' dir='ltr'>Catonem</span> <span class='ocrx_word' id='word_1_154' title='bbox 1141 1790 1394 1831; x_wconf 86' lang='lat' dir='ltr'>celebraret.</span> <span class='ocrx_word' id='word_1_155' title='bbox 1429 1788 1564 1829; x_wconf 88' lang='lat' dir='ltr'>Aliud</span> <span class='ocrx_word' id='word_1_156' title='bbox 1596 1789 1711 1829; x_wconf 90' lang='lat' dir='ltr'>enim</span> 
     </span>
     <span class='ocr_line' id='line_1_21' title="bbox 219 1865 1712 1920; baseline 0 -14"><span class='ocrx_word' id='word_1_157' title='bbox 219 1872 284 1906; x_wconf 88' lang='lat' dir='ltr'>est</span> <span class='ocrx_word' id='word_1_158' title='bbox 316 1866 532 1907; x_wconf 89' lang='lat' dir='ltr'>honorare</span> <span class='ocrx_word' id='word_1_159' title='bbox 560 1867 768 1920; x_wconf 80' lang='lat' dir='ltr'>aliquem,</span> <span class='ocrx_word' id='word_1_160' title='bbox 795 1866 1015 1907; x_wconf 90' lang='lat' dir='ltr'>landando</span> <span class='ocrx_word' id='word_1_161' title='bbox 1044 1867 1135 1908; x_wconf 91' lang='lat' dir='ltr'>eius</span> <span class='ocrx_word' id='word_1_162' title='bbox 1163 1867 1360 1920; x_wconf 87' lang='lat' dir='ltr'>virtutes⁷</span> <span class='ocrx_word' id='word_1_163' title='bbox 1391 1865 1507 1906; x_wconf 91' lang='lat' dir='ltr'>aliud</span> <span class='ocrx_word' id='word_1_164' title='bbox 1533 1865 1712 1906; x_wconf 89' lang='lat' dir='ltr'>laudare</span> 
     </span>
     <span class='ocr_line' id='line_1_22' title="bbox 219 1942 1713 1998; baseline 0 -15"><span class='ocrx_word' id='word_1_165' title='bbox 219 1942 426 1984; x_wconf 78' lang='lat' dir='ltr'>virtutem</span> <span class='ocrx_word' id='word_1_166' title='bbox 469 1945 735 1985; x_wconf 91' lang='lat' dir='ltr'>nominando</span> <span class='ocrx_word' id='word_1_167' title='bbox 771 1944 841 1985; x_wconf 92' lang='lat' dir='ltr'>vel</span> <span class='ocrx_word' id='word_1_168' title='bbox 872 1944 1259 1986; x_wconf 89' lang='lat' dir='ltr'>commemorando</span> <span class='ocrx_word' id='word_1_169' title='bbox 1291 1944 1479 1998; x_wconf 88' lang='lat' dir='ltr'>aliquem</span> <span class='ocrx_word' id='word_1_170' title='bbox 1511 1944 1586 1998; x_wconf 92' lang='lat' dir='ltr'>qui</span> <span class='ocrx_word' id='word_1_171' title='bbox 1619 1944 1713 1996; x_wconf 89' lang='lat' dir='ltr'>ipsa</span> 
     </span>
     <span class='ocr_line' id='line_1_23' title="bbox 218 2020 627 2063; baseline 0.005 -3"><span class='ocrx_word' id='word_1_172' title='bbox 218 2020 379 2061; x_wconf 90' lang='lat' dir='ltr'>virtute</span> <span class='ocrx_word' id='word_1_173' title='bbox 410 2021 627 2063; x_wconf 85' lang='lat' dir='ltr'>excelluit.</span> 
     </span>
    </p>

    <p class='ocr_par' dir='ltr' id='par_1_3' title="bbox 219 2096 1712 2306">
     <span class='ocr_line' id='line_1_24' title="bbox 279 2096 1712 2154; baseline 0.001 -16"><span class='ocrx_word' id='word_1_174' title='bbox 279 2096 559 2153; x_wconf 77' lang='lat' dir='ltr'>Quamquam</span> <span class='ocrx_word' id='word_1_175' title='bbox 615 2099 651 2139; x_wconf 89' lang='lat' dir='ltr'>si</span> <span class='ocrx_word' id='word_1_176' title='bbox 701 2112 878 2140; x_wconf 91' lang='lat' dir='ltr'>carmen</span> <span class='ocrx_word' id='word_1_177' title='bbox 926 2099 1068 2154; x_wconf 87' lang='lat' dir='ltr'>ipsum</span> <span class='ocrx_word' id='word_1_178' title='bbox 1115 2105 1363 2153; x_wconf 86' lang='lat' dir='ltr'>spectamus</span> <span class='ocrx_word' id='word_1_179' title='bbox 1411 2105 1595 2154; x_wconf 88' lang='lat' dir='ltr'>utraque</span> <span class='ocrx_word' id='word_1_180' title='bbox 1643 2111 1712 2139; x_wconf 89' lang='lat' dir='ltr'>res</span> 
     </span>
     <span class='ocr_line' id='line_1_25' title="bbox 219 2174 1711 2231; baseline 0.002 -18"><span class='ocrx_word' id='word_1_181' title='bbox 219 2174 376 2214; x_wconf 91' lang='lat' dir='ltr'>eodem</span> <span class='ocrx_word' id='word_1_182' title='bbox 418 2175 507 2215; x_wconf 87' lang='lat' dir='ltr'>fere</span> <span class='ocrx_word' id='word_1_183' title='bbox 540 2176 665 2230; x_wconf 82' lang='lat' dir='ltr'>redit,</span> <span class='ocrx_word' id='word_1_184' title='bbox 698 2176 1003 2231; x_wconf 89' lang='lat' dir='ltr'>inquirendum</span> <span class='ocrx_word' id='word_1_185' title='bbox 1036 2177 1161 2218; x_wconf 90' lang='lat' dir='ltr'>nobis</span> <span class='ocrx_word' id='word_1_186' title='bbox 1194 2183 1260 2218; x_wconf 86' lang='lat' dir='ltr'>est</span> <span class='ocrx_word' id='word_1_187' title='bbox 1293 2177 1522 2231; x_wconf 89' lang='lat' dir='ltr'>(quantum</span> <span class='ocrx_word' id='word_1_188' title='bbox 1555 2175 1711 2217; x_wconf 91' lang='lat' dir='ltr'>saltem</span> 
     </span>
     <span class='ocr_line' id='line_1_26' title="bbox 220 2250 1042 2306; baseline 0.004 -15"><span class='ocrx_word' id='word_1_189' title='bbox 220 2250 312 2291; x_wconf 88' lang='lat' dir='ltr'>fieri</span> <span class='ocrx_word' id='word_1_190' title='bbox 344 2252 506 2305; x_wconf 90' lang='lat' dir='ltr'>potest)</span> <span class='ocrx_word' id='word_1_191' title='bbox 540 2252 646 2306; x_wconf 85' lang='lat' dir='ltr'>quid</span> <span class='ocrx_word' id='word_1_192' title='bbox 678 2253 864 2294; x_wconf 88' lang='lat' dir='ltr'>voluerit</span> <span class='ocrx_word' id='word_1_193' title='bbox 897 2260 1042 2306; x_wconf 90' lang='lat' dir='ltr'>poeta.</span> 
     </span>
    </p>
   </div>
   <div class='ocr_carea' id='block_1_3' title="bbox 220 2368 1711 2713">
    <p class='ocr_par' dir='ltr' id='par_1_4' title="bbox 220 2368 1711 2713">
     <span class='ocr_line' id='line_1_27' title="bbox 271 2368 1711 2416; baseline 0.003 -15"><span class='ocrx_word' id='word_1_194' title='bbox 271 2368 303 2412; x_wconf 90' lang='lat'>1)</span> <span class='ocrx_word' id='word_1_195' title='bbox 330 2369 393 2403; x_wconf 86' lang='lat' dir='ltr'>Uti</span> <span class='ocrx_word' id='word_1_196' title='bbox 431 2375 486 2403; x_wconf 89' lang='lat' dir='ltr'>est</span> <span class='ocrx_word' id='word_1_197' title='bbox 523 2370 626 2414; x_wconf 85' lang='lat' dir='ltr'>apud</span> <span class='ocrx_word' id='word_1_198' title='bbox 662 2370 825 2404; x_wconf 89' lang='lat' dir='ltr'>Plinium</span> <span class='ocrx_word' id='word_1_199' title='bbox 865 2371 911 2404; x_wconf 89' lang='lat' dir='ltr'>N.</span> <span class='ocrx_word' id='word_1_200' title='bbox 939 2371 985 2404; x_wconf 92' lang='lat' dir='ltr'>H.</span> <span class='ocrx_word' id='word_1_201' title='bbox 1025 2370 1141 2416; x_wconf 89' lang='lat' dir='ltr'>praef.</span> <span class='ocrx_word' id='word_1_202' title='bbox 1176 2369 1255 2416; x_wconf 75' lang='lat' dir='ltr'>§9z</span> <span class='ocrx_word' id='word_1_203' title='bbox 1292 2371 1408 2405; x_wconf 76' lang='lat' dir='ltr'>&gt;Cato</span> <span class='ocrx_word' id='word_1_204' title='bbox 1441 2377 1521 2405; x_wconf 89' lang='lat' dir='ltr'>erat</span> <span class='ocrx_word' id='word_1_205' title='bbox 1545 2370 1711 2405; x_wconf 88' lang='lat' dir='ltr'>ambitus</span> 
     </span>
     <span class='ocr_line' id='line_1_28' title="bbox 220 2426 1710 2475; baseline 0.003 -15"><span class='ocrx_word' id='word_1_206' title='bbox 220 2426 337 2461; x_wconf 90' lang='lat' dir='ltr'>hostis</span> <span class='ocrx_word' id='word_1_207' title='bbox 374 2434 411 2462; x_wconf 88' lang='lat' dir='ltr'>et</span> <span class='ocrx_word' id='word_1_208' title='bbox 448 2429 605 2473; x_wconf 87' lang='lat' dir='ltr'>repulsis</span> <span class='ocrx_word' id='word_1_209' title='bbox 643 2435 825 2474; x_wconf 87' lang='lat' dir='ltr'>tanquam</span> <span class='ocrx_word' id='word_1_210' title='bbox 860 2430 1067 2464; x_wconf 89' lang='lat' dir='ltr'>honoribus</span> <span class='ocrx_word' id='word_1_211' title='bbox 1099 2430 1274 2475; x_wconf 90' lang='lat' dir='ltr'>inemptis</span> <span class='ocrx_word' id='word_1_212' title='bbox 1311 2429 1514 2474; x_wconf 88' lang='lat' dir='ltr'>gaudebat.</span> <span class='ocrx_word' id='word_1_213' title='bbox 1551 2430 1638 2464; x_wconf 88' lang='lat' dir='ltr'>Sive</span> <span class='ocrx_word' id='word_1_214' title='bbox 1669 2436 1710 2464; x_wconf 91' lang='lat' dir='ltr'>ut</span> 
     </span>
     <span class='ocr_line' id='line_1_29' title="bbox 220 2487 1710 2535; baseline 0.003 -16"><span class='ocrx_word' id='word_1_215' title='bbox 220 2492 346 2520; x_wconf 90' lang='lat' dir='ltr'>monet</span> <span class='ocrx_word' id='word_1_216' title='bbox 384 2487 524 2521; x_wconf 88' lang='lat' dir='ltr'>Seneca</span> <span class='ocrx_word' id='word_1_217' title='bbox 563 2489 660 2523; x_wconf 91' lang='lat' dir='ltr'>Dial.</span> <span class='ocrx_word' id='word_1_218' title='bbox 686 2489 771 2523; x_wconf 91' lang='lat' dir='ltr'>XII.</span> <span class='ocrx_word' id='word_1_219' title='bbox 814 2499 867 2533; x_wconf 89' lang='lat'>13,</span> <span class='ocrx_word' id='word_1_220' title='bbox 903 2497 941 2533; x_wconf 90' lang='lat'>5:</span> <span class='ocrx_word' id='word_1_221' title='bbox 977 2489 1092 2534; x_wconf 75' lang='lat' dir='ltr'>»Quis</span> <span class='ocrx_word' id='word_1_222' title='bbox 1118 2500 1237 2535; x_wconf 88' lang='lat' dir='ltr'>usque</span> <span class='ocrx_word' id='word_1_223' title='bbox 1262 2500 1306 2523; x_wconf 93' lang='lat' dir='ltr'>eo</span> <span class='ocrx_word' id='word_1_224' title='bbox 1331 2489 1380 2523; x_wconf 89' lang='lat' dir='ltr'>ad</span> <span class='ocrx_word' id='word_1_225' title='bbox 1406 2489 1710 2535; x_wconf 86' lang='lat' dir='ltr'>conspiciendam</span> 
     </span>
     <span class='ocr_line' id='line_1_30' title="bbox 220 2546 1710 2594; baseline 0.003 -16"><span class='ocrx_word' id='word_1_226' title='bbox 220 2546 417 2580; x_wconf 85' lang='lat' dir='ltr'>veritatem</span> <span class='ocrx_word' id='word_1_227' title='bbox 455 2553 675 2582; x_wconf 85' lang='lat' dir='ltr'>excaecatus</span> <span class='ocrx_word' id='word_1_228' title='bbox 712 2554 779 2592; x_wconf 87' lang='lat' dir='ltr'>est,</span> <span class='ocrx_word' id='word_1_229' title='bbox 818 2554 857 2582; x_wconf 90' lang='lat' dir='ltr'>ut</span> <span class='ocrx_word' id='word_1_230' title='bbox 895 2549 1139 2593; x_wconf 86' lang='lat' dir='ltr'>ignominiam</span> <span class='ocrx_word' id='word_1_231' title='bbox 1178 2554 1284 2594; x_wconf 85' lang='lat' dir='ltr'>putet</span> <span class='ocrx_word' id='word_1_232' title='bbox 1320 2549 1369 2584; x_wconf 91' lang='lat' dir='ltr'>M.</span> <span class='ocrx_word' id='word_1_233' title='bbox 1408 2549 1561 2583; x_wconf 88' lang='lat' dir='ltr'>Catonis</span> <span class='ocrx_word' id='word_1_234' title='bbox 1597 2548 1710 2583; x_wconf 89' lang='lat' dir='ltr'>fuisse</span> 
     </span>
     <span class='ocr_line' id='line_1_31' title="bbox 220 2604 1710 2653; baseline 0.003 -15"><span class='ocrx_word' id='word_1_235' title='bbox 220 2604 409 2650; x_wconf 88' lang='lat' dir='ltr'>duplicem</span> <span class='ocrx_word' id='word_1_236' title='bbox 447 2606 484 2640; x_wconf 91' lang='lat' dir='ltr'>in</span> <span class='ocrx_word' id='word_1_237' title='bbox 517 2607 695 2652; x_wconf 88' lang='lat' dir='ltr'>petitione</span> <span class='ocrx_word' id='word_1_238' title='bbox 726 2614 925 2653; x_wconf 90' lang='lat' dir='ltr'>praeturae</span> <span class='ocrx_word' id='word_1_239' title='bbox 959 2615 995 2642; x_wconf 90' lang='lat' dir='ltr'>et</span> <span class='ocrx_word' id='word_1_240' title='bbox 1021 2608 1236 2642; x_wconf 88' lang='lat' dir='ltr'>consulatus</span> <span class='ocrx_word' id='word_1_241' title='bbox 1261 2608 1474 2653; x_wconf 86' lang='lat' dir='ltr'>repulsam?</span> <span class='ocrx_word' id='word_1_242' title='bbox 1502 2608 1710 2652; x_wconf 85' lang='lat' dir='ltr'>Ignominia</span> 
     </span>
     <span class='ocr_line' id='line_1_32' title="bbox 220 2664 1709 2713; baseline 0.003 -16"><span class='ocrx_word' id='word_1_243' title='bbox 220 2664 284 2697; x_wconf 87' lang='lat' dir='ltr'>illa</span> <span class='ocrx_word' id='word_1_244' title='bbox 309 2670 507 2710; x_wconf 88' lang='lat' dir='ltr'>praeturae</span> <span class='ocrx_word' id='word_1_245' title='bbox 532 2672 568 2700; x_wconf 87' lang='lat' dir='ltr'>et</span> <span class='ocrx_word' id='word_1_246' title='bbox 594 2667 810 2702; x_wconf 89' lang='lat' dir='ltr'>consulatus</span> <span class='ocrx_word' id='word_1_247' title='bbox 835 2667 916 2710; x_wconf 82' lang='lat' dir='ltr'>fuit,</span> <span class='ocrx_word' id='word_1_248' title='bbox 939 2668 1076 2713; x_wconf 90' lang='lat' dir='ltr'>quibus</span> <span class='ocrx_word' id='word_1_249' title='bbox 1098 2679 1142 2702; x_wconf 89' lang='lat' dir='ltr'>ex</span> <span class='ocrx_word' id='word_1_250' title='bbox 1164 2668 1307 2702; x_wconf 86' lang='lat' dir='ltr'>Catone</span> <span class='ocrx_word' id='word_1_251' title='bbox 1328 2667 1447 2702; x_wconf 90' lang='lat' dir='ltr'>honor</span> <span class='ocrx_word' id='word_1_252' title='bbox 1461 2666 1709 2702; x_wconf 87' lang='lat' dir='ltr'>habebatur.”</span> 
     </span>
    </p>
   </div>
   <div class='ocr_carea' id='block_1_4' title="bbox 268 2742 1164 2790">
    <p class='ocr_par' dir='ltr' id='par_1_5' title="bbox 268 2742 1164 2790">
     <span class='ocr_line' id='line_1_33' title="bbox 268 2742 1164 2790; baseline 0.006 -16"><span class='ocrx_word' id='word_1_253' title='bbox 268 2742 303 2786; x_wconf 90' lang='lat'>2)</span> <span class='ocrx_word' id='word_1_254' title='bbox 331 2742 430 2776; x_wconf 90' lang='lat' dir='ltr'>Inter</span> <span class='ocrx_word' id='word_1_255' title='bbox 456 2743 678 2778; x_wconf 91' lang='lat' dir='ltr'>recentiores</span> <span class='ocrx_word' id='word_1_256' title='bbox 704 2744 909 2779; x_wconf 90' lang='lat' dir='ltr'>Corssenus</span> <span class='ocrx_word' id='word_1_257' title='bbox 933 2745 1164 2790; x_wconf 88' lang='lat' dir='ltr'>praesertim.</span> 
     </span>
    </p>
   </div>
   <div class='ocr_carea' id='block_1_5' title="bbox 220 2819 1709 2927">
    <p class='ocr_par' dir='ltr' id='par_1_6' title="bbox 220 2819 1709 2927">
     <span class='ocr_line' id='line_1_34' title="bbox 268 2819 1709 2868; baseline 0.003 -16"><span class='ocrx_word' id='word_1_258' title='bbox 268 2819 303 2863; x_wconf 90' lang='lat'>3)</span> <span class='ocrx_word' id='word_1_259' title='bbox 320 2819 462 2853; x_wconf 89' lang='lat' dir='ltr'>Eadem</span> <span class='ocrx_word' id='word_1_260' title='bbox 478 2819 554 2854; x_wconf 88' lang='lat' dir='ltr'>fere</span> <span class='ocrx_word' id='word_1_261' title='bbox 564 2821 707 2855; x_wconf 90' lang='lat' dir='ltr'>ratione</span> <span class='ocrx_word' id='word_1_262' title='bbox 717 2821 955 2856; x_wconf 88' lang='lat' dir='ltr'>doctissimus</span> <span class='ocrx_word' id='word_1_263' title='bbox 965 2822 1152 2856; x_wconf 91' lang='lat' dir='ltr'>Pluessius</span> <span class='ocrx_word' id='word_1_264' title='bbox 1162 2841 1204 2847; x_wconf 88' lang='lat'><em>-</em></span> <span class='ocrx_word' id='word_1_265' title='bbox 1218 2821 1489 2857; x_wconf 87' lang='lat' dir='ltr'>Horazstudien</span> <span class='ocrx_word' id='word_1_266' title='bbox 1497 2832 1582 2868; x_wconf 88' lang='lat' dir='ltr'>pag.</span> <span class='ocrx_word' id='word_1_267' title='bbox 1593 2830 1709 2865; x_wconf 88' lang='lat'>207——</span> 
     </span>
     <span class='ocr_line' id='line_1_35' title="bbox 220 2877 1145 2927; baseline 0.006 -17"><span class='ocrx_word' id='word_1_268' title='bbox 220 2877 379 2922; x_wconf 86' lang='lat' dir='ltr'>Augusti</span> <span class='ocrx_word' id='word_1_269' title='bbox 405 2889 610 2914; x_wconf 89' lang='lat' dir='ltr'>memorem</span> <span class='ocrx_word' id='word_1_270' title='bbox 636 2879 748 2915; x_wconf 87' lang='lat' dir='ltr'>fuisse</span> <span class='ocrx_word' id='word_1_271' title='bbox 773 2887 924 2927; x_wconf 88' lang='lat' dir='ltr'>poetam</span> <span class='ocrx_word' id='word_1_272' title='bbox 950 2882 1145 2916; x_wconf 86' lang='lat' dir='ltr'>existimat.</span> 
     </span>
    </p>
   </div>
  </div>
 </body>
</html>
