1955 3157
912 226 968 267 43

189 348 282 389 sich
328 347 463 389 selbst
509 346 675 396 sumen,
724 346 838 387 ohne
885 345 962 386 das
1010 359 1055 386 es
1097 345 1174 386 der
1207 345 1682 399 begeisterungsvollen

190 425 394 479 Hingabe
439 425 517 465 des
563 423 783 465 einzelnen
829 436 886 463 an
931 422 1011 463 das
1059 422 1302 464 Vaterland
1349 422 1576 463 bedurfte?
1626 446 1684 452 —-

190 502 447 543 Admodum
475 501 628 542 callide
660 501 768 542 duas
801 500 895 541 illas
929 514 994 540 res
1026 499 1230 549 diversas
1259 513 1351 540 rem
1380 500 1613 540 militarem
1641 506 1684 540 et

191 593 283 620 rem
325 578 509 628 civilem,
549 577 675 619 simul
708 578 914 632 proponit
944 577 1009 618 vir
1041 578 1208 618 doctus.
1244 576 1458 617 Attamen
1490 577 1586 631 quis
1618 583 1683 617 est

190 656 264 709 qui
306 655 456 697 credat
503 654 754 705 Pluessium,
798 655 939 696 virum
981 654 1280 695 doctissimum
1324 660 1368 694 et
1399 654 1472 708 qui
1506 654 1549 693 in
1581 654 1684 707 ipsis

190 732 518 785 quaestionibus
551 732 804 773 Horatianis
836 731 1019 773 multum
1051 737 1248 772 versatus
1281 737 1347 771 est
1374 730 1485 771 adeo
1515 730 1685 772 fortiter

190 810 453 851 sententiam
499 809 632 851 talem
679 809 936 863 protulisse?
985 808 1096 858 „Mit
1142 808 1219 848 der
1268 807 1564 861 Empfehlung
1607 807 1685 848 der

191 886 450 940 Tapferkeit
480 886 610 940 greift
642 887 720 927 der
752 886 936 927 Dichter
962 885 1039 926 auf
1061 885 1186 926 einen
1214 885 1292 925 der
1318 883 1685 925 hervorstehend-

192 970 287 1005 sten
321 964 441 1017 Zuge
473 965 531 1004 im
564 964 726 1004 Wesen
760 962 838 1004 der
870 964 1034 1004 Romer
1067 961 1250 1012 zuruck3
1284 962 1425 1002 einem
1458 961 1686 1002 Vertreter

191 1041 268 1081 des
310 1041 592 1082 Romertums
632 1041 749 1090 aber,
785 1041 864 1080 wie
896 1054 942 1080 es
973 1040 1065 1080 sich
1099 1053 1195 1080 zum
1230 1039 1417 1092 Beispiel
1449 1039 1507 1078 im
1541 1045 1685 1079 ersten

193 1118 436 1159 Punischen
484 1118 650 1172 Kriege
692 1117 928 1167 bewahrte‚
973 1123 1167 1157 mussten
1200 1115 1573 1170 Anschauungen,
1606 1116 1686 1156 wie

192 1195 253 1236 sie
285 1195 407 1236 Plflss
440 1196 482 1235 in
513 1195 662 1235 Horaz
694 1194 1017 1244 hineinerklart‚
1052 1193 1267 1247 geradezu
1295 1193 1358 1233 als
1385 1192 1685 1243 Wahnsinn(!)

192 1273 489 1313 erscheinen.''

251 1348 461 1390 Nostrum
515 1362 601 1389 non
644 1355 710 1390 est
759 1348 937 1389 Pluessii
985 1348 1222 1389 sententias
1270 1346 1504 1388 defendere
1551 1347 1686 1386 immo

191 1425 475 1466 libentissime
521 1439 619 1466 cum
669 1425 862 1479 Seligero
904 1439 1115 1478 negamus
1157 1425 1391 1465 Horatium
1424 1424 1568 1477 pueris
1600 1424 1687 1464 suis

193 1503 456 1556 persuadere
488 1502 675 1543 voluisse
708 1509 754 1544 ut
786 1503 922 1543 vitam
956 1503 998 1542 in
1031 1502 1264 1543 solitudine
1290 1501 1522 1541 ducerent:
1551 1501 1688 1541 anim-

193 1580 510 1621 advertendum
542 1586 689 1622 autem
722 1580 926 1620 existimo
959 1579 1265 1620 refutationem
1298 1579 1377 1618 viri
1408 1577 1572 1618 laudati
1601 1591 1687 1618 non

193 1657 378 1699 multum
421 1658 464 1698 in
505 1645 592 1698 ῘιίεΝ
610 1657 778 1698 valere:
812 1657 1089 1711 probandum
1122 1657 1236 1696 enim
1271 1656 1308 1695 ei
1342 1655 1420 1696 fuit
1453 1655 1685 1696 Horatium

193 1735 278 1776 hoc
318 1734 417 1776 loco
453 1741 600 1788 partes
642 1735 781 1788 egisse
826 1735 970 1784 „eines
1014 1734 1262 1775 Vertreters
1295 1733 1370 1774 des
1403 1733 1687 1773 Romertums

193 1812 304 1853 etc.’'
333 1826 474 1866 neque
500 1825 588 1852 non
615 1811 860 1864 ostendere,
879 1811 1010 1852 talem
1029 1811 1185 1860 virum,
1203 1810 1419 1851 honorum
1438 1809 1688 1863 cupidinem

194 1889 237 1929 in
294 1889 459 1929 maiore
516 1889 719 1930 iuvenum
779 1895 904 1942 parte
961 1901 1048 1929 non
1104 1887 1461 1941 improbasse...
1511 1887 1687 1927 Etenim

193 1967 478 2020 exceptiones
519 1966 751 2007 admittere
791 1966 1026 2007 Horatium
1069 1966 1162 2019 ipse
1202 1964 1418 2005 Pluessius
1449 1964 1688 2005 luculenter

194 2044 397 2085 ostendit.
433 2044 604 2084 Deinde
637 2044 755 2098 quod
789 2043 845 2084 ad
880 2057 959 2084 nos
992 2043 1132 2096 magis
1164 2043 1320 2084 attinet
1354 2048 1485 2094 poeta
1517 2041 1688 2082 etiamsi

195 2134 282 2161 non
315 2121 368 2161 de
395 2122 555 2162 virtute
583 2121 738 2162 bellica
764 2121 863 2170 „die
891 2118 1175 2173 Tapferkeit''
1205 2119 1282 2159 sed
1301 2119 1355 2159 de
1372 2119 1500 2159 variis
1518 2119 1688 2160 virtutis

195 2198 426 2252 generibus
459 2212 590 2252 agere
621 2198 758 2238 voluit
791 2198 876 2238 iam
910 2197 1044 2237 nihilo
1079 2197 1220 2237 minus
1252 2196 1307 2236 de
1339 2195 1422 2236 hoc
1449 2195 1546 2236 loco
1572 2195 1689 2236 valet

195 2281 327 2330 atque
354 2275 540 2316 valebit:
572 2275 679 2325 „mit
696 2275 772 2315 der
791 2274 1089 2328 Empfehlung
1104 2274 1216 2314 etc.'’
1235 2278 1282 2313 ut
1299 2286 1442 2326 supra.
1463 2273 1688 2326 Numquid

196 2352 379 2394 fortasse
428 2352 638 2394 fortitudo
681 2352 982 2392 Romanorum
1025 2351 1167 2392 solum
1209 2350 1341 2391 animi
1373 2350 1535 2391 bonum
1567 2350 1688 2391 erat?

257 2429 636 2471 Fortitudinemne
674 2429 906 2483 praecipue
946 2428 1097 2470 laudat
1129 2428 1295 2468 Tullius
1328 2427 1470 2468 verbis
1503 2427 1583 2467 illis
1616 2427 1689 2467 ubi

196 2506 324 2548 dicit:
361 2539 382 2555 ‚,
403 2506 571 2548 Virtute
602 2520 706 2547 vero
738 2506 1008 2560 gubernante
1041 2519 1132 2546 rem
1164 2504 1383 2559 publicam
1411 2504 1516 2559 quid
1543 2510 1690 2557 potest

197 2597 292 2624 esse
323 2583 613 2637 praeclarius?
647 2582 758 2624 Cum
792 2584 826 2623 is
853 2582 929 2637 qui
957 2583 1145 2636 imperat
1171 2581 1276 2631 aliis,
1306 2581 1438 2622 servit
1465 2582 1558 2634 ipse
1585 2581 1688 2621 nulli

197 2660 449 2714 cupididati,
497 2674 596 2701 cum
644 2674 753 2714 quas
800 2660 856 2700 ad
898 2673 967 2700 res
998 2660 1117 2700 cives
1149 2659 1334 2700 instituit
1365 2665 1409 2700 et
1438 2664 1583 2708 vocat,
1616 2671 1688 2698 eas

198 2750 351 2778 omnes
382 2738 639 2791 complexus
671 2744 737 2779 est
765 2737 857 2791 ipse
883 2750 963 2777 nec
988 2737 1108 2790 leges
1135 2736 1320 2789 imponit
1338 2735 1513 2789 populo,
1532 2735 1688 2789 quibus

200 2814 290 2867 ipse
334 2828 420 2854 non
462 2820 626 2868 pareat,
669 2814 745 2855 sed
777 2828 901 2855 suam
933 2815 1082 2861 vitam,
1115 2820 1163 2854 ut
1193 2813 1347 2867 legem,
1382 2813 1572 2866 praefert
1601 2811 1691 2852 suis
