1955 3157
1030 283 1112 324 116

387 414 538 468 Atque
569 414 630 454 sic
662 413 872 467 procedit,
903 426 1104 466 premens
1131 412 1185 453 de
1213 412 1423 453 industria
1451 425 1691 466 pronomen
1711 412 1815 454 illud

327 492 475 532 Musas
507 491 752 545 designans.
786 490 901 531 Tum
934 503 1032 531 cum
1059 490 1258 543 pervenit
1285 490 1341 530 ad
1368 503 1542 530 versum
1561 498 1612 542 35
1633 491 1813 532 iterum:

662 597 761 630 »Vos
786 596 983 630 Caesarem
1009 595 1128 629 altum
1154 594 1287 629 militia
1313 595 1424 629 simul

658 656 791 689 Fessas
817 655 988 689 cohortes
1013 654 1158 688 addidit
1184 653 1331 699 oppidis

706 714 831 748 Finire
855 719 1097 759 quaerentem
1124 713 1271 747 labores

752 774 872 807 Pierio
897 773 1071 807 recreatis
1096 773 1239 807 antro.”

385 847 585 900 Denique
601 861 609 888 ε

665 922 733 956 Vos
758 922 854 956 bene
879 921 1076 956 consilium
1102 927 1138 955 et
1163 920 1260 955 datis
1286 926 1322 955 et
1349 921 1437 955 dato

895 980 1065 1025 gaudetis
1091 980 1224 1014 almae.

385 1082 546 1136 Quidni
589 1083 783 1123 dicamus
825 1095 924 1123 cum
957 1082 1210 1123 doctissimo
1244 1081 1504 1135 Iurenka1):
1539 1081 1741 1132 „Gerade
1773 1084 1816 1123 in

326 1159 402 1199 der
459 1159 585 1200 Mitte
638 1160 732 1200 tritt
780 1173 858 1199 uns
905 1159 984 1200 mit
1031 1159 1108 1199 der
1154 1159 1542 1212 vorhergehenden
1590 1173 1670 1201 nur
1715 1160 1817 1200 sehr

325 1236 561 1277 ausserlich
603 1236 1008 1290 zusammengefugt
1051 1236 1292 1290 (aptissime
1335 1242 1506 1277 tamen:
1545 1238 1814 1290 pronomine,

325 1320 372 1355 ut
428 1327 560 1367 supra
616 1314 725 1366 dixi)
783 1313 853 1354 die
909 1327 994 1354 von
1051 1313 1279 1367 Augustus
1326 1313 1575 1354 handelnde
1624 1314 1815 1369 Strophe

325 1397 556 1444 entgegen.
602 1391 662 1431 Es
694 1391 800 1443 liegt
831 1391 945 1430 offen
977 1396 1145 1444 zutage⁷
1180 1391 1281 1431 dasz
1314 1390 1389 1431 der
1422 1390 1604 1432 Dichter
1636 1392 1717 1432 mit
1749 1391 1816 1432 ihr

325 1483 405 1509 nur
437 1469 562 1508 einen
593 1467 849 1521 schuldigen
882 1467 1039 1508 Tribut
1071 1467 1155 1507 den
1187 1481 1234 1507 er
1265 1481 1353 1508 nun
1386 1468 1544 1508 einmal
1571 1468 1693 1509 nicht
1718 1482 1814 1509 ver-

325 1545 513 1598 weigern
560 1544 716 1594 durfte,
764 1558 814 1584 so
863 1544 988 1584 rasch
1033 1544 1094 1585 als
1137 1544 1328 1598 moglich
1371 1545 1583 1598 abtragen
1627 1544 1812 1586 wollte.’'

323 1622 460 1675 quue
501 1635 554 1662 eo
595 1622 753 1662 certius
793 1621 1096 1662 affirmandum
1131 1622 1235 1662 mihi
1268 1622 1452 1671 videtur,
1487 1634 1574 1674 quo
1604 1621 1732 1663 latius
1764 1635 1815 1662 ac

323 1699 494 1752 longius
526 1699 580 1739 de
612 1700 756 1752 seipso
789 1699 831 1738 in
864 1699 1007 1752 priore
1040 1705 1166 1752 parte
1197 1699 1413 1739 disseruit.

384 1776 481 1816 Hoc
528 1776 656 1816 velim
704 1776 976 1830 perpendant
1023 1776 1259 1816 adversarii
1302 1776 1452 1827 nostri,
1496 1776 1813 1829 ineptissimum

323 1859 442 1894 certo
484 1854 642 1894 certius
683 1852 825 1903 fuisse,
869 1854 903 1893 si
942 1859 1074 1906 poeta
1104 1853 1155 1893 de
1188 1853 1449 1906 imperatore
1480 1853 1674 1894 dicturus
1706 1866 1814 1906 quo-

323 1930 658 1983 modocumque,
712 1930 881 1971 initium
927 1930 1185 1983 sumpsisset
1232 1943 1257 1970 a
1304 1929 1450 1970 sabula
1495 1930 1547 1970 de
1592 1930 1814 1983 semetipso

323 2013 510 2056 narrata,
553 2021 665 2060 quae
703 2021 790 2047 non
822 2008 961 2061 magis
994 2021 1185 2060 unquam
1218 2007 1274 2047 ad
1307 2006 1559 2060 Augustum
1591 2020 1724 2061 quam
1757 2007 1812 2047 ad

323 2084 512 2137 Augusti
544 2091 757 2125 sartorem
791 2084 1008 2137 pertinuit.

381 2161 533 2216 Atque
565 2162 707 2215 pergit
738 2161 946 2202 Iurenka:
982 2160 1225 2210 „Dennoch
1259 2174 1348 2201 war
1375 2161 1479 2201 aber
1506 2160 1582 2201 der
1600 2159 1812 2202 Gedanke

322 2252 378 2278 an
420 2239 504 2278 den
547 2252 624 2279 aus
656 2239 756 2279 dem
789 2238 921 2279 Larm
953 2238 1029 2278 des
1063 2238 1249 2292 Krieges
1282 2252 1356 2278 zur
1387 2238 1516 2278 Ruhe
1548 2238 1625 2278 der
1657 2239 1811 2279 Musen

322 2315 682 2368 heimgekehrten
722 2316 906 2355 Fursten
938 2315 1016 2355 der
1048 2314 1183 2364 Kern‚
1218 2328 1294 2355 aus
1326 2315 1536 2355 welchem
1568 2315 1646 2355 der
1675 2328 1812 2368 ganze

323 2392 474 2444 ubrige
510 2392 605 2432 Teil
638 2392 714 2432 des
747 2391 983 2433 Gedichtes
1016 2391 1109 2432 sich
1141 2391 1390 2432 entwickelt
1422 2392 1541 2434 hat.”
1576 2391 1812 2433 Prudentia

322 2469 516 2508 maxima
547 2482 657 2522 opus
689 2475 756 2510 est
787 2469 829 2509 in
860 2469 1018 2510 talibus
1052 2468 1232 2509 iudiciis.
1266 2468 1431 2509 Verum
1462 2481 1620 2522 negare
1648 2468 1750 2509 nolo
1767 2467 1810 2509 id

323 2558 408 2585 non
454 2545 593 2586 solum
640 2546 731 2586 fieri
779 2546 984 2599 potuisse,
1037 2545 1113 2585 sed
1159 2551 1202 2585 et
1245 2545 1335 2585 veri
1377 2544 1503 2585 valde
1535 2544 1672 2585 videri
1703 2545 1809 2586 mihi

321 2622 471 2662 simile.
521 2621 806 2663 Occasionem
851 2623 980 2675 igitur
1022 2636 1108 2663 non
1141 2622 1456 2675 praetermitto,
1490 2622 1594 2676 quin
1626 2635 1684 2662 ex
1716 2622 1810 2675 ipsa

322 2697 403 2737 hac
450 2698 648 2739 doctrina
693 2699 1070 2740 confirmationem
1119 2712 1274 2752 cogam
1317 2711 1482 2750 eorum,
1523 2712 1635 2752 quae
1677 2712 1809 2752 supra

322 2774 425 2816 dixi.
470 2775 645 2816 Etenim
687 2776 721 2816 si
764 2775 954 2828 Augusti
987 2789 1156 2816 memor
1187 2775 1369 2816 alteram
1402 2774 1604 2815 carminis
1637 2780 1806 2828 partem

373 2891 405 2934 1)
431 2890 487 2925 Cf.
513 2891 562 2926 l.l.
588 2902 672 2936 pag.
699 2901 768 2935 300
792 2903 846 2937 sq.
