1955 3157
926 200 978 241 23

257 317 474 374 Apposite
530 324 677 360 autem
725 319 1010 360 Karstenius:
1061 319 1215 370 „Vide‚
1266 320 1418 373 inquit,
1468 321 1691 373 quomodo

196 396 330 437 verba
357 397 515 438 Latina
541 395 597 436 ad
623 395 855 437 hodiernas
878 395 1198 437 Germanorum
1217 397 1406 438 rationes
1423 402 1467 438 et
1485 397 1691 438 formulas

195 473 365 514 inversa
405 474 533 516 sint.'’
577 474 728 516 Recte.
773 474 925 528 Atque
967 474 1268 515 Mommsenus
1310 474 1366 514 ab
1398 473 1535 515 altera
1568 481 1690 528 parte

195 550 321 590 nimis
364 550 434 591 hic
467 550 724 602 Germanus,
758 551 814 592 ab
847 551 984 593 altera
1017 565 1178 604 magna
1209 565 1287 592 sua
1319 551 1690 605 celeberrimaque

194 626 237 667 in
263 627 565 668 Romanorum
593 628 777 669 historia
803 628 1046 670 eruditione
1074 628 1267 669 abutitur
1295 635 1342 670 ut
1369 629 1529 669 multas
1545 629 1690 670 denuo

193 703 475 746 absconditas
522 704 701 746 effodiat
742 705 1095 760 significationes.
1145 705 1368 759 Quantam
1415 706 1451 746 si
1500 706 1688 747 Momm—

192 795 298 823 seno
340 783 505 832 credas,
551 797 729 836 operam
767 783 1018 824 adhibuisse
1051 783 1285 824 Horatium
1317 796 1496 824 necesse
1528 789 1608 836 est,
1641 790 1689 825 ut

193 873 279 901 uno
326 859 519 901 alterove
566 861 780 901 versiculo
828 860 1109 915 neglegenter
1156 860 1279 914 quasi
1327 861 1575 914 conscripto
1621 868 1688 902 tot

190 937 404 991 Principis
443 936 594 979 laudes
635 944 925 992 congregaret
966 944 1342 991 congregatasque
1374 937 1685 979 condensaret!

191 1013 365 1056 Scilicet
397 1014 569 1056 duobus
597 1015 814 1068 prioribus
841 1029 940 1056 cum
968 1015 1253 1056 celebraverit
1280 1029 1438 1056 novam
1465 1015 1686 1069 legionum

190 1091 391 1146 formam,
414 1093 543 1133 tertio
562 1098 605 1133 et
623 1098 781 1146 quarto
797 1093 993 1134 versibus
1012 1093 1233 1134 restitutas
1251 1092 1463 1145 Equitum
1481 1093 1686 1135 cohortes

189 1168 246 1209 ab
273 1182 325 1209 eo
354 1169 534 1210 indicari
563 1170 773 1211 audacter
800 1170 999 1224 perhibet
1025 1170 1090 1211 vir
1117 1170 1284 1212 doctus.
1315 1169 1391 1210 Ad
1419 1169 1523 1211 talia
1550 1170 1685 1211 dedu-

188 1245 338 1296 cimur,
388 1246 422 1286 si
465 1247 670 1300 opinione
713 1248 1010 1300 praeiudicata
1053 1247 1288 1287 Horatium
1331 1260 1417 1287 non
1456 1247 1596 1288 solum
1629 1247 1685 1287 ad

188 1336 406 1363 summum
424 1323 531 1364 artis
549 1325 747 1377 poeticae
766 1324 986 1378 fastigium
1005 1330 1262 1378 provectum
1280 1337 1386 1373 esse,
1405 1324 1482 1364 sed
1495 1325 1682 1377 insuper,

187 1406 234 1441 ut
268 1400 328 1441 ita
360 1400 517 1454 dicam,
550 1402 835 1442 summarium
864 1401 1087 1454 quoddam
1115 1401 1249 1442 totius
1278 1414 1388 1455 pene
1405 1414 1556 1441 eorum
1573 1407 1684 1442 tem-

186 1491 342 1531 porum
369 1477 578 1519 historiae
606 1479 647 1518 in
676 1479 941 1520 carminibus
968 1479 1056 1519 suis
1084 1478 1379 1519 recondidisse
1405 1478 1681 1520 arbitramur.

245 1555 568 1596 Mommsenum
612 1556 743 1610 igitur
785 1557 819 1596 si
852 1556 975 1596 audis
1009 1556 1050 1596 in
1083 1555 1209 1596 huius
1241 1556 1354 1596 odae
1387 1555 1508 1596 initio
1536 1556 1682 1608 palam

185 1639 418 1674 monentur
447 1634 637 1674 Romani
666 1634 823 1675 milites
851 1639 897 1675 ut
916 1634 1117 1674 modesto
1135 1633 1352 1686 stipendio
1370 1633 1455 1673 sint
1472 1633 1679 1682 contenti,

184 1709 296 1751 clam
328 1709 530 1752 laudatur
562 1711 764 1764 princeps
797 1710 1040 1765 Augustus.
1074 1709 1200 1764 Quae
1233 1710 1470 1763 explicatio
1504 1723 1680 1763 prorsus

184 1787 359 1841 quidem
387 1788 591 1828 convenit
618 1801 717 1829 cum
744 1788 985 1830 doctissimi
1013 1788 1091 1828 viri
1119 1788 1335 1828 sententia
1354 1787 1408 1827 de
1425 1793 1520 1827 toto
1539 1787 1678 1840 cyclo.

184 1864 359 1906 Inestne
383 1871 530 1907 autem
559 1879 611 1906 ea
640 1866 681 1906 in
710 1866 806 1920 ipso
833 1865 1052 1906 carmine?
1081 1865 1245 1906 Exstat
1263 1878 1437 1905 carmen
1455 1864 1679 1917 quoddam

183 1942 226 1983 in
269 1942 404 1983 Libro
447 1943 510 1983 IV
552 1967 610 1973 —
651 1943 720 1987 ‘ad
753 1941 954 1984 Lollium'
986 1967 1044 1973 —
1076 1943 1131 1984 de
1164 1956 1251 1996 quo
1283 1948 1439 1995 postea
1470 1941 1677 1996 pluribus,

183 2020 257 2061 ubi
300 2020 485 2062 redeunt
525 2021 679 2061 eadem
723 2021 870 2063 verba.
915 2019 1025 2074 Quis
1056 2033 1161 2060 vero
1193 2025 1318 2073 putet
1351 2018 1513 2059 ibidem
1545 2019 1677 2060 talem

183 2097 335 2138 iisdem
368 2098 511 2138 verbis
538 2098 626 2138 vim
655 2098 857 2139 tribuisse
885 2096 1090 2151 poetam?
1118 2096 1330 2138 Attamen
1360 2096 1560 2136 consulto
1576 2110 1676 2136 eum

181 2173 265 2215 illic
298 2175 477 2216 iterasse
509 2174 613 2216 illud
648 2175 928 2228 „pauperiem
961 2174 1079 2228 pati''
1114 2173 1241 2214 valde
1269 2173 1554 2227 probabiliter
1581 2187 1678 2227 per-

182 2327 342 2361 Klassen
379 2327 584 2372 allerdings
617 2333 726 2361 unter
758 2326 1047 2371 Ausscheidung
1072 2325 1139 2360 der
1165 2336 1381 2370 gewesenen
1408 2325 1573 2360 Sklaven
1599 2326 1676 2360 und

181 2386 241 2420 fur
266 2386 326 2420 die
350 2387 539 2431 Legionen
562 2386 659 2421 auch
682 2386 749 2421 der
771 2387 887 2420 rohen
910 2385 1298 2429 Landbevolkerung3
1319 2385 1379 2419 die
1394 2385 1676 2429 freigeborenen

181 2445 467 2480 unbemittelten
507 2446 775 2490 Stadtsburger
811 2446 957 2486 sollten‚
994 2445 1280 2490 hauptsachlich
1317 2444 1437 2478 durch
1471 2444 1676 2489 freiwillige

180 2504 352 2548 Stellung
388 2505 449 2539 die
485 2505 676 2549 Soldaten,
711 2505 779 2539 wie
813 2504 873 2538 die
908 2503 1213 2539 Unteroffizieren
1247 2503 1389 2538 liefern.
1415 2505 1494 2537 Das
1518 2504 1607 2548 liegt
1633 2515 1674 2537 zu

180 2563 336 2598 Grunde
362 2563 422 2598 bei
447 2563 533 2598 dem
561 2563 877 2598 wohlbekannten
908 2563 1053 2608 Spruch
1079 2563 1145 2597 des
1171 2563 1363 2597 Dichters:
1391 2563 1458 2596 mit
1483 2562 1674 2608 knappem

179 2622 440 2657 Auskommen
462 2623 541 2657 sich
564 2634 655 2668 gern
678 2623 878 2667 begniigen
901 2623 1003 2657 lerne
1022 2622 1072 2656 im
1086 2622 1328 2666 schneidigen
1342 2622 1599 2666 Kriegsdienst
1614 2622 1675 2656 die

180 2682 323 2727 tapfere
345 2683 492 2727 Jugend
518 2683 595 2717 und
621 2694 663 2717 zu
686 2681 820 2719 Pferde
840 2682 926 2717 dem
950 2682 1106 2716 Parther
1128 2682 1187 2716 die
1209 2682 1330 2727 Spitze
1345 2682 1488 2723 bieten3
1503 2681 1620 2716 wobei
1634 2681 1674 2725 (Ι)

179 2742 305 2776 weiter
332 2742 451 2776 daran
479 2742 640 2786 gedacht
667 2742 697 2776 is
723 2741 810 2776 dass
836 2741 896 2776 die
921 2753 1013 2785 ganz
1040 2741 1357 2775 verschwundene
1384 2741 1673 2784 Burgerreiterei

180 2801 299 2836 durch
334 2803 526 2846 Augustus
552 2801 665 2835 wider
691 2801 748 2836 ins
773 2801 899 2835 Leben
926 2800 1082 2835 berufen
1108 2800 1221 2835 ward.
