<?xml version="1.0" encoding="UTF-8"?>
<!DOCTYPE html PUBLIC "-//W3C//DTD XHTML 1.0 Transitional//EN"
    "http://www.w3.org/TR/xhtml1/DTD/xhtml1-transitional.dtd">
<html xmlns="http://www.w3.org/1999/xhtml" xml:lang="en" lang="en">
 <head>
  <title>
</title>
<meta http-equiv="Content-Type" content="text/html;charset=utf-8" />
  <meta name='ocr-system' content='tesseract 3.04.00' />
  <meta name='ocr-capabilities' content='ocr_page ocr_carea ocr_par ocr_line ocrx_word'/>
</head>
<body>
  <div class='ocr_page' id='page_1' title='image "./disputatiocritic00slijuoft_0069.png"; bbox 0 0 1955 3157; ppageno 0'>
   <div class='ocr_carea' id='block_1_1' title="bbox 943 203 996 247">
    <p class='ocr_par' dir='ltr' id='par_1_1' title="bbox 943 203 996 247">
     <span class='ocr_line' id='line_1_1' title="bbox 943 203 996 247; baseline 0.019 -1"><span class='ocrx_word' id='word_1_1' title='bbox 943 203 996 247; x_wconf 88' lang='lat'>57</span> 
     </span>
    </p>
   </div>
   <div class='ocr_carea' id='block_1_2' title="bbox 214 326 1717 768">
    <p class='ocr_par' dir='ltr' id='par_1_2' title="bbox 214 326 1717 768">
     <span class='ocr_line' id='line_1_2' title="bbox 214 326 1716 383; baseline 0.002 -16"><span class='ocrx_word' id='word_1_2' title='bbox 214 332 258 367; x_wconf 94' lang='lat' dir='ltr'>et</span> <span class='ocrx_word' id='word_1_3' title='bbox 291 339 449 380; x_wconf 88' lang='lat' dir='ltr'>rogare</span> <span class='ocrx_word' id='word_1_4' title='bbox 482 326 613 368; x_wconf 90' lang='lat' dir='ltr'>velim</span> <span class='ocrx_word' id='word_1_5' title='bbox 646 327 840 381; x_wconf 84' lang='lat' dir='ltr'><strong>possitne</strong></span> <span class='ocrx_word' id='word_1_6' title='bbox 871 326 968 382; x_wconf 89' lang='lat' dir='ltr'>quis</span> <span class='ocrx_word' id='word_1_7' title='bbox 1001 327 1093 367; x_wconf 93' lang='lat' dir='ltr'>iure</span> <span class='ocrx_word' id='word_1_8' title='bbox 1120 339 1280 380; x_wconf 87' lang='lat' dir='ltr'>negare</span> <span class='ocrx_word' id='word_1_9' title='bbox 1307 327 1446 368; x_wconf 90' lang='lat' dir='ltr'>inesse</span> <span class='ocrx_word' id='word_1_10' title='bbox 1473 328 1514 369; x_wconf 90' lang='lat' dir='ltr'>in</span> <span class='ocrx_word' id='word_1_11' title='bbox 1533 328 1716 383; x_wconf 88' lang='lat' dir='ltr'>stropha</span> 
     </span>
     <span class='ocr_line' id='line_1_3' title="bbox 215 404 1717 460; baseline 0.001 -16"><span class='ocrx_word' id='word_1_12' title='bbox 215 405 478 445; x_wconf 85' lang='lat' dir='ltr'><strong>sententiam</strong></span> <span class='ocrx_word' id='word_1_13' title='bbox 506 418 639 458; x_wconf 89' lang='lat' dir='ltr'>supra</span> <span class='ocrx_word' id='word_1_14' title='bbox 667 418 693 445; x_wconf 91' lang='lat' dir='ltr'>a</span> <span class='ocrx_word' id='word_1_15' title='bbox 721 404 846 445; x_wconf 90' lang='lat' dir='ltr'>nobis</span> <span class='ocrx_word' id='word_1_16' title='bbox 873 404 1136 458; x_wconf 82' lang='lat' dir='ltr'>expositam,</span> <span class='ocrx_word' id='word_1_17' title='bbox 1160 404 1376 445; x_wconf 85' lang='lat' dir='ltr'>debeatne</span> <span class='ocrx_word' id='word_1_18' title='bbox 1393 406 1489 459; x_wconf 92' lang='lat' dir='ltr'>quis</span> <span class='ocrx_word' id='word_1_19' title='bbox 1507 419 1717 460; x_wconf 88' lang='lat' dir='ltr'>quaerere</span> 
     </span>
     <span class='ocr_line' id='line_1_4' title="bbox 216 480 1717 535; baseline 0.001 -14"><span class='ocrx_word' id='word_1_20' title='bbox 216 480 462 521; x_wconf 87' lang='lat' dir='ltr'>abstrusam</span> <span class='ocrx_word' id='word_1_21' title='bbox 492 481 732 522; x_wconf 82' lang='lat' dir='ltr'>admodum</span> <span class='ocrx_word' id='word_1_22' title='bbox 761 480 1122 535; x_wconf 90' lang='lat' dir='ltr'>significationem</span> <span class='ocrx_word' id='word_1_23' title='bbox 1150 481 1324 535; x_wconf 89' lang='lat' dir='ltr'>qualem</span> <span class='ocrx_word' id='word_1_24' title='bbox 1352 483 1717 535; x_wconf 86' lang='lat' dir='ltr'>excogitaverunt</span> 
     </span>
     <span class='ocr_line' id='line_1_5' title="bbox 217 558 1716 613; baseline 0.001 -15"><span class='ocrx_word' id='word_1_25' title='bbox 217 558 517 599; x_wconf 89' lang='lat' dir='ltr'>Mommsenus</span> <span class='ocrx_word' id='word_1_26' title='bbox 566 565 610 600; x_wconf 92' lang='lat' dir='ltr'>et</span> <span class='ocrx_word' id='word_1_27' title='bbox 658 558 757 599; x_wconf 88' lang='lat' dir='ltr'>alii?</span> <span class='ocrx_word' id='word_1_28' title='bbox 801 559 1000 613; x_wconf 91' lang='lat' dir='ltr'>Denique</span> <span class='ocrx_word' id='word_1_29' title='bbox 1042 558 1076 598; x_wconf 92' lang='lat' dir='ltr'>si</span> <span class='ocrx_word' id='word_1_30' title='bbox 1117 558 1214 612; x_wconf 91' lang='lat' dir='ltr'>quis</span> <span class='ocrx_word' id='word_1_31' title='bbox 1257 558 1369 600; x_wconf 90' lang='lat' dir='ltr'>forte</span> <span class='ocrx_word' id='word_1_32' title='bbox 1403 558 1509 599; x_wconf 91' lang='lat' dir='ltr'>mihi</span> <span class='ocrx_word' id='word_1_33' title='bbox 1541 560 1716 612; x_wconf 85' lang='lat' dir='ltr'>obiciat,</span> 
     </span>
     <span class='ocr_line' id='line_1_6' title="bbox 217 634 1717 691; baseline 0.003 -17"><span class='ocrx_word' id='word_1_34' title='bbox 217 634 454 676; x_wconf 85' lang='lat' dir='ltr'>Horatium</span> <span class='ocrx_word' id='word_1_35' title='bbox 500 636 604 677; x_wconf 88' lang='lat' dir='ltr'>talia</span> <span class='ocrx_word' id='word_1_36' title='bbox 652 649 738 677; x_wconf 89' lang='lat' dir='ltr'>non</span> <span class='ocrx_word' id='word_1_37' title='bbox 781 636 1026 685; x_wconf 70' lang='lat' dir='ltr'>credidisse,</span> <span class='ocrx_word' id='word_1_38' title='bbox 1071 635 1115 676; x_wconf 93' lang='lat' dir='ltr'>id</span> <span class='ocrx_word' id='word_1_39' title='bbox 1157 649 1299 690; x_wconf 92' lang='lat' dir='ltr'>neque</span> <span class='ocrx_word' id='word_1_40' title='bbox 1341 637 1535 677; x_wconf 90' lang='lat' dir='ltr'>concedo</span> <span class='ocrx_word' id='word_1_41' title='bbox 1577 650 1717 691; x_wconf 91' lang='lat' dir='ltr'>neque</span> 
     </span>
     <span class='ocr_line' id='line_1_7' title="bbox 219 712 1301 768; baseline 0.002 -15"><span class='ocrx_word' id='word_1_42' title='bbox 219 713 375 765; x_wconf 75' lang='lat' dir='ltr'>refuto,</span> <span class='ocrx_word' id='word_1_43' title='bbox 406 718 504 754; x_wconf 92' lang='lat' dir='ltr'>tuto</span> <span class='ocrx_word' id='word_1_44' title='bbox 536 713 639 768; x_wconf 90' lang='lat' dir='ltr'>quia</span> <span class='ocrx_word' id='word_1_45' title='bbox 671 719 817 767; x_wconf 92' lang='lat' dir='ltr'>potest</span> <span class='ocrx_word' id='word_1_46' title='bbox 849 713 892 753; x_wconf 91' lang='lat' dir='ltr'>in</span> <span class='ocrx_word' id='word_1_47' title='bbox 927 713 1071 753; x_wconf 86' lang='lat' dir='ltr'>medio</span> <span class='ocrx_word' id='word_1_48' title='bbox 1104 712 1301 767; x_wconf 89' lang='lat' dir='ltr'>relinqui.</span> 
     </span>
    </p>
   </div>
   <div class='ocr_carea' id='block_1_3' title="bbox 509 842 1419 896">
    <p class='ocr_par' dir='ltr' id='par_1_3' title="bbox 509 842 1419 896">
     <span class='ocr_line' id='line_1_8' title="bbox 509 842 1419 896; baseline 0.001 -13"><span class='ocrx_word' id='word_1_49' title='bbox 509 843 533 896; x_wconf 56' lang='grc' dir='ltr'><strong>ς</strong></span> <span class='ocrx_word' id='word_1_50' title='bbox 565 842 604 883; x_wconf 89' lang='lat'>6.</span> <span class='ocrx_word' id='word_1_51' title='bbox 657 843 730 884; x_wconf 82' lang='lat' dir='ltr'>DE</span> <span class='ocrx_word' id='word_1_52' title='bbox 763 842 918 885; x_wconf 89' lang='lat' dir='ltr'><strong>CARM.</strong></span> <span class='ocrx_word' id='word_1_53' title='bbox 953 843 994 883; x_wconf 94' lang='lat' dir='ltr'>II</span> <span class='ocrx_word' id='word_1_54' title='bbox 1027 852 1258 884; x_wconf 79' lang='lat' dir='ltr'>sTROPffls</span> <span class='ocrx_word' id='word_1_55' title='bbox 1291 845 1419 896; x_wconf 89' lang='lat'>7—8.</span> 
     </span>
    </p>
   </div>
   <div class='ocr_carea' id='block_1_4' title="bbox 215 937 1718 2154">
    <p class='ocr_par' dir='ltr' id='par_1_4' title="bbox 215 937 1718 2154">
     <span class='ocr_line' id='line_1_9' title="bbox 275 937 1715 992; baseline 0.001 -15"><span class='ocrx_word' id='word_1_56' title='bbox 275 937 561 991; x_wconf 82' lang='lat' dir='ltr'>Inspiciamus</span> <span class='ocrx_word' id='word_1_57' title='bbox 593 938 773 979; x_wconf 90' lang='lat' dir='ltr'>tandem</span> <span class='ocrx_word' id='word_1_58' title='bbox 806 938 1041 992; x_wconf 89' lang='lat' dir='ltr'>aliquando</span> <span class='ocrx_word' id='word_1_59' title='bbox 1072 938 1270 979; x_wconf 83' lang='lat' dir='ltr'>ultimam</span> <span class='ocrx_word' id='word_1_60' title='bbox 1303 939 1508 979; x_wconf 86' lang='lat' dir='ltr'>carminis</span> <span class='ocrx_word' id='word_1_61' title='bbox 1532 938 1715 992; x_wconf 80' lang='lat' dir='ltr'>partem‘</span> 
     </span>
     <span class='ocr_line' id='line_1_10' title="bbox 215 1014 1717 1070; baseline 0.002 -16"><span class='ocrx_word' id='word_1_62' title='bbox 215 1014 382 1068; x_wconf 91' lang='lat' dir='ltr'>Negari</span> <span class='ocrx_word' id='word_1_63' title='bbox 421 1015 496 1055; x_wconf 87' lang='lat' dir='ltr'>vix</span> <span class='ocrx_word' id='word_1_64' title='bbox 541 1021 688 1068; x_wconf 89' lang='lat' dir='ltr'>potest</span> <span class='ocrx_word' id='word_1_65' title='bbox 731 1016 914 1069; x_wconf 88' lang='lat' dir='ltr'>stropha</span> <span class='ocrx_word' id='word_1_66' title='bbox 946 1021 1074 1056; x_wconf 85' lang='lat' dir='ltr'>sexta</span> <span class='ocrx_word' id='word_1_67' title='bbox 1108 1015 1321 1066; x_wconf 89' lang='lat' dir='ltr'>absoluta,</span> <span class='ocrx_word' id='word_1_68' title='bbox 1356 1015 1550 1057; x_wconf 85' lang='lat' dir='ltr'>Carmini</span> <span class='ocrx_word' id='word_1_69' title='bbox 1583 1017 1717 1070; x_wconf 91' lang='lat' dir='ltr'>aptis-</span> 
     </span>
     <span class='ocr_line' id='line_1_11' title="bbox 216 1091 1716 1147; baseline 0.001 -15"><span class='ocrx_word' id='word_1_70' title='bbox 216 1091 324 1132; x_wconf 86' lang='lat' dir='ltr'>sime</span> <span class='ocrx_word' id='word_1_71' title='bbox 358 1091 488 1132; x_wconf 89' lang='lat' dir='ltr'>finem</span> <span class='ocrx_word' id='word_1_72' title='bbox 522 1093 715 1146; x_wconf 91' lang='lat' dir='ltr'>potuisse</span> <span class='ocrx_word' id='word_1_73' title='bbox 745 1093 971 1146; x_wconf 89' lang='lat' dir='ltr'>imponere</span> <span class='ocrx_word' id='word_1_74' title='bbox 999 1099 1189 1147; x_wconf 88' lang='lat' dir='ltr'>poetam.</span> <span class='ocrx_word' id='word_1_75' title='bbox 1219 1093 1394 1134; x_wconf 90' lang='lat' dir='ltr'>Etenim</span> <span class='ocrx_word' id='word_1_76' title='bbox 1423 1094 1479 1134; x_wconf 92' lang='lat' dir='ltr'>ad</span> <span class='ocrx_word' id='word_1_77' title='bbox 1496 1107 1716 1134; x_wconf 88' lang='lat' dir='ltr'>summum</span> 
     </span>
     <span class='ocr_line' id='line_1_12' title="bbox 215 1168 1718 1224; baseline 0.002 -15"><span class='ocrx_word' id='word_1_78' title='bbox 215 1169 339 1224; x_wconf 87' lang='lat' dir='ltr'>quasi</span> <span class='ocrx_word' id='word_1_79' title='bbox 386 1168 559 1209; x_wconf 89' lang='lat' dir='ltr'>culmen</span> <span class='ocrx_word' id='word_1_80' title='bbox 605 1170 842 1220; x_wconf 49' lang='lat' dir='ltr'>‘virtutem&#39;</span> <span class='ocrx_word' id='word_1_81' title='bbox 890 1170 1170 1224; x_wconf 86' lang='lat' dir='ltr'>perduxerat.</span> <span class='ocrx_word' id='word_1_82' title='bbox 1215 1170 1280 1212; x_wconf 86' lang='lat' dir='ltr'>At</span> <span class='ocrx_word' id='word_1_83' title='bbox 1323 1184 1392 1211; x_wconf 93' lang='lat' dir='ltr'>res</span> <span class='ocrx_word' id='word_1_84' title='bbox 1435 1172 1628 1224; x_wconf 91' lang='lat' dir='ltr'>postulat</span> <span class='ocrx_word' id='word_1_85' title='bbox 1669 1178 1718 1213; x_wconf 93' lang='lat' dir='ltr'>ut</span> 
     </span>
     <span class='ocr_line' id='line_1_13' title="bbox 215 1247 1715 1301; baseline 0.003 -15"><span class='ocrx_word' id='word_1_86' title='bbox 215 1260 490 1299; x_wconf 85' lang='lat' dir='ltr'>exponamus</span> <span class='ocrx_word' id='word_1_87' title='bbox 522 1260 634 1301; x_wconf 90' lang='lat' dir='ltr'>quae</span> <span class='ocrx_word' id='word_1_88' title='bbox 663 1247 788 1287; x_wconf 93' lang='lat' dir='ltr'>nobis</span> <span class='ocrx_word' id='word_1_89' title='bbox 821 1253 922 1288; x_wconf 91' lang='lat' dir='ltr'>sunt</span> <span class='ocrx_word' id='word_1_90' title='bbox 953 1248 1130 1300; x_wconf 88' lang='lat' dir='ltr'>tradita,</span> <span class='ocrx_word' id='word_1_91' title='bbox 1162 1261 1249 1288; x_wconf 92' lang='lat' dir='ltr'>non</span> <span class='ocrx_word' id='word_1_92' title='bbox 1279 1254 1326 1290; x_wconf 91' lang='lat' dir='ltr'>ut</span> <span class='ocrx_word' id='word_1_93' title='bbox 1353 1262 1403 1289; x_wconf 89' lang='lat' dir='ltr'>ea</span> <span class='ocrx_word' id='word_1_94' title='bbox 1422 1249 1715 1291; x_wconf 90' lang='lat' dir='ltr'>immutemus.</span> 
     </span>
     <span class='ocr_line' id='line_1_14' title="bbox 216 1323 1718 1379; baseline 0.002 -15"><span class='ocrx_word' id='word_1_95' title='bbox 216 1323 368 1378; x_wconf 89' lang='lat' dir='ltr'>Atque</span> <span class='ocrx_word' id='word_1_96' title='bbox 410 1324 534 1364; x_wconf 91' lang='lat' dir='ltr'>nobis</span> <span class='ocrx_word' id='word_1_97' title='bbox 576 1337 627 1364; x_wconf 89' lang='lat' dir='ltr'>ea</span> <span class='ocrx_word' id='word_1_98' title='bbox 669 1338 782 1378; x_wconf 90' lang='lat' dir='ltr'>quae</span> <span class='ocrx_word' id='word_1_99' title='bbox 821 1331 1061 1379; x_wconf 90' lang='lat' dir='ltr'>sequuntur</span> <span class='ocrx_word' id='word_1_100' title='bbox 1094 1338 1181 1365; x_wconf 92' lang='lat' dir='ltr'>non</span> <span class='ocrx_word' id='word_1_101' title='bbox 1213 1332 1303 1366; x_wconf 90' lang='lat' dir='ltr'>tam</span> <span class='ocrx_word' id='word_1_102' title='bbox 1337 1326 1484 1379; x_wconf 92' lang='lat' dir='ltr'>inepte</span> <span class='ocrx_word' id='word_1_103' title='bbox 1516 1326 1718 1368; x_wconf 91' lang='lat' dir='ltr'>videntur</span> 
     </span>
     <span class='ocr_line' id='line_1_15' title="bbox 215 1401 1715 1455; baseline 0.001 -13"><span class='ocrx_word' id='word_1_104' title='bbox 215 1401 366 1442; x_wconf 87' lang='lat' dir='ltr'>addita</span> <span class='ocrx_word' id='word_1_105' title='bbox 421 1414 554 1455; x_wconf 88' lang='lat' dir='ltr'>quarn</span> <span class='ocrx_word' id='word_1_106' title='bbox 614 1401 761 1442; x_wconf 90' lang='lat' dir='ltr'>multis</span> <span class='ocrx_word' id='word_1_107' title='bbox 819 1402 1241 1443; x_wconf 87' lang='lat' dir='ltr'>commentatoribus</span> <span class='ocrx_word' id='word_1_108' title='bbox 1299 1409 1399 1444; x_wconf 93' lang='lat' dir='ltr'>sunt</span> <span class='ocrx_word' id='word_1_109' title='bbox 1445 1403 1551 1445; x_wconf 90' lang='lat' dir='ltr'>visa.</span> <span class='ocrx_word' id='word_1_110' title='bbox 1600 1404 1715 1444; x_wconf 89' lang='lat' dir='ltr'>Nam</span> 
     </span>
     <span class='ocr_line' id='line_1_16' title="bbox 216 1478 1716 1533; baseline 0.002 -14"><span class='ocrx_word' id='word_1_111' title='bbox 216 1479 335 1533; x_wconf 93' lang='lat' dir='ltr'>quod</span> <span class='ocrx_word' id='word_1_112' title='bbox 376 1478 432 1519; x_wconf 92' lang='lat' dir='ltr'>ad</span> <span class='ocrx_word' id='word_1_113' title='bbox 476 1479 616 1532; x_wconf 84' lang='lat' dir='ltr'>ipsam</span> <span class='ocrx_word' id='word_1_114' title='bbox 661 1479 863 1519; x_wconf 88' lang='lat' dir='ltr'>carminis</span> <span class='ocrx_word' id='word_1_115' title='bbox 907 1478 1106 1529; x_wconf 88' lang='lat' dir='ltr'>formam,</span> <span class='ocrx_word' id='word_1_116' title='bbox 1142 1493 1227 1520; x_wconf 91' lang='lat' dir='ltr'>non</span> <span class='ocrx_word' id='word_1_117' title='bbox 1260 1493 1359 1520; x_wconf 89' lang='lat' dir='ltr'>raro</span> <span class='ocrx_word' id='word_1_118' title='bbox 1393 1479 1548 1521; x_wconf 91' lang='lat' dir='ltr'>eodem</span> <span class='ocrx_word' id='word_1_119' title='bbox 1584 1481 1716 1522; x_wconf 91' lang='lat' dir='ltr'>modo</span> 
     </span>
     <span class='ocr_line' id='line_1_17' title="bbox 217 1556 1716 1611; baseline 0.001 -15"><span class='ocrx_word' id='word_1_120' title='bbox 217 1562 400 1609; x_wconf 91' lang='lat' dir='ltr'>egerunt</span> <span class='ocrx_word' id='word_1_121' title='bbox 455 1563 679 1611; x_wconf 84' lang='lat' dir='ltr'>aguntque</span> <span class='ocrx_word' id='word_1_122' title='bbox 736 1563 908 1610; x_wconf 87' lang='lat' dir='ltr'>poetae.</span> <span class='ocrx_word' id='word_1_123' title='bbox 958 1581 1011 1585; x_wconf 97' lang='lat'><strong>—</strong></span> <span class='ocrx_word' id='word_1_124' title='bbox 1062 1556 1277 1610; x_wconf 77' lang='lat' dir='ltr'>segniter,</span> <span class='ocrx_word' id='word_1_125' title='bbox 1326 1557 1532 1611; x_wconf 84' lang='lat' dir='ltr'>languide</span> <span class='ocrx_word' id='word_1_126' title='bbox 1580 1557 1716 1599; x_wconf 89' lang='lat' dir='ltr'>ferme</span> 
     </span>
     <span class='ocr_line' id='line_1_18' title="bbox 217 1633 1716 1690; baseline 0.002 -17"><span class='ocrx_word' id='word_1_127' title='bbox 217 1633 371 1674; x_wconf 91' lang='lat' dir='ltr'>finiunt</span> <span class='ocrx_word' id='word_1_128' title='bbox 427 1647 603 1675; x_wconf 87' lang='lat' dir='ltr'>carmen</span> <span class='ocrx_word' id='word_1_129' title='bbox 661 1634 777 1675; x_wconf 91' lang='lat' dir='ltr'>vitae</span> <span class='ocrx_word' id='word_1_130' title='bbox 835 1634 1091 1689; x_wconf 87' lang='lat' dir='ltr'>ardorisque</span> <span class='ocrx_word' id='word_1_131' title='bbox 1139 1634 1332 1688; x_wconf 90' lang='lat' dir='ltr'>plenum.</span> <span class='ocrx_word' id='word_1_132' title='bbox 1379 1634 1550 1676; x_wconf 87' lang='lat' dir='ltr'>Deinde</span> <span class='ocrx_word' id='word_1_133' title='bbox 1596 1636 1716 1690; x_wconf 92' lang='lat' dir='ltr'>quod</span> 
     </span>
     <span class='ocr_line' id='line_1_19' title="bbox 216 1711 1717 1766; baseline 0.002 -14"><span class='ocrx_word' id='word_1_134' title='bbox 216 1711 373 1752; x_wconf 86' lang='lat' dir='ltr'>attinet</span> <span class='ocrx_word' id='word_1_135' title='bbox 422 1711 478 1751; x_wconf 91' lang='lat' dir='ltr'>ad</span> <span class='ocrx_word' id='word_1_136' title='bbox 524 1712 945 1766; x_wconf 88' lang='lat' dir='ltr'>interpretationem,</span> <span class='ocrx_word' id='word_1_137' title='bbox 994 1712 1079 1752; x_wconf 89' lang='lat' dir='ltr'>iam</span> <span class='ocrx_word' id='word_1_138' title='bbox 1123 1712 1296 1766; x_wconf 92' lang='lat' dir='ltr'>saepius</span> <span class='ocrx_word' id='word_1_139' title='bbox 1339 1712 1638 1763; x_wconf 87' lang='lat' dir='ltr'>indicavimus,</span> <span class='ocrx_word' id='word_1_140' title='bbox 1672 1720 1717 1755; x_wconf 94' lang='lat' dir='ltr'>et</span> 
     </span>
     <span class='ocr_line' id='line_1_20' title="bbox 217 1788 1716 1844; baseline 0.001 -15"><span class='ocrx_word' id='word_1_141' title='bbox 217 1788 362 1829; x_wconf 90' lang='lat' dir='ltr'>denuo</span> <span class='ocrx_word' id='word_1_142' title='bbox 394 1788 794 1830; x_wconf 88' lang='lat' dir='ltr'>demonstrabimus</span> <span class='ocrx_word' id='word_1_143' title='bbox 826 1803 958 1830; x_wconf 93' lang='lat' dir='ltr'>unum</span> <span class='ocrx_word' id='word_1_144' title='bbox 993 1789 1173 1830; x_wconf 92' lang='lat' dir='ltr'>inveniri</span> <span class='ocrx_word' id='word_1_145' title='bbox 1206 1796 1515 1844; x_wconf 84' lang='lat' dir='ltr'>argumentum</span> <span class='ocrx_word' id='word_1_146' title='bbox 1550 1790 1591 1830; x_wconf 91' lang='lat' dir='ltr'>in</span> <span class='ocrx_word' id='word_1_147' title='bbox 1620 1796 1716 1831; x_wconf 93' lang='lat' dir='ltr'>toto</span> 
     </span>
     <span class='ocr_line' id='line_1_21' title="bbox 217 1866 1716 1921; baseline 0.001 -15"><span class='ocrx_word' id='word_1_148' title='bbox 217 1872 433 1919; x_wconf 88' lang='lat' dir='ltr'>poemate,</span> <span class='ocrx_word' id='word_1_149' title='bbox 491 1866 660 1920; x_wconf 90' lang='lat' dir='ltr'>sibique</span> <span class='ocrx_word' id='word_1_150' title='bbox 706 1866 810 1907; x_wconf 92' lang='lat' dir='ltr'>data</span> <span class='ocrx_word' id='word_1_151' title='bbox 856 1880 991 1920; x_wconf 86' lang='lat' dir='ltr'>opera</span> <span class='ocrx_word' id='word_1_152' title='bbox 1037 1873 1239 1908; x_wconf 90' lang='lat' dir='ltr'>constare</span> <span class='ocrx_word' id='word_1_153' title='bbox 1288 1873 1465 1920; x_wconf 90' lang='lat' dir='ltr'>poetam</span> <span class='ocrx_word' id='word_1_154' title='bbox 1514 1881 1539 1908; x_wconf 89' lang='lat' dir='ltr'>a</span> <span class='ocrx_word' id='word_1_155' title='bbox 1571 1868 1716 1921; x_wconf 88' lang='lat' dir='ltr'>capite</span> 
     </span>
     <span class='ocr_line' id='line_1_22' title="bbox 217 1943 1716 1987; baseline 0.002 -4"><span class='ocrx_word' id='word_1_156' title='bbox 217 1943 420 1984; x_wconf 91' lang='lat' dir='ltr'>carminis</span> <span class='ocrx_word' id='word_1_157' title='bbox 467 1943 523 1984; x_wconf 94' lang='lat' dir='ltr'>ad</span> <span class='ocrx_word' id='word_1_158' title='bbox 570 1943 746 1984; x_wconf 90' lang='lat' dir='ltr'>calcem.</span> <span class='ocrx_word' id='word_1_159' title='bbox 813 1944 1006 1984; x_wconf 89' lang='lat' dir='ltr'>Primum</span> <span class='ocrx_word' id='word_1_160' title='bbox 1054 1951 1200 1986; x_wconf 90' lang='lat' dir='ltr'>autem</span> <span class='ocrx_word' id='word_1_161' title='bbox 1248 1945 1569 1986; x_wconf 87' lang='lat' dir='ltr'>examinandae</span> <span class='ocrx_word' id='word_1_162' title='bbox 1616 1952 1716 1987; x_wconf 90' lang='lat' dir='ltr'>sunt</span> 
     </span>
     <span class='ocr_line' id='line_1_23' title="bbox 217 2020 1715 2076; baseline 0.001 -15"><span class='ocrx_word' id='word_1_163' title='bbox 217 2020 524 2062; x_wconf 90' lang='lat' dir='ltr'>nonnullorum</span> <span class='ocrx_word' id='word_1_164' title='bbox 562 2022 754 2062; x_wconf 90' lang='lat' dir='ltr'>virorum</span> <span class='ocrx_word' id='word_1_165' title='bbox 788 2021 1020 2063; x_wconf 87' lang='lat' dir='ltr'>doctorum</span> <span class='ocrx_word' id='word_1_166' title='bbox 1053 2035 1078 2062; x_wconf 91' lang='lat' dir='ltr'>a</span> <span class='ocrx_word' id='word_1_167' title='bbox 1112 2035 1210 2062; x_wconf 90' lang='lat' dir='ltr'>mea</span> <span class='ocrx_word' id='word_1_168' title='bbox 1242 2022 1440 2063; x_wconf 88' lang='lat' dir='ltr'>diversae</span> <span class='ocrx_word' id='word_1_169' title='bbox 1473 2023 1715 2076; x_wconf 85' lang='lat' dir='ltr'>opiniones,</span> 
     </span>
     <span class='ocr_line' id='line_1_24' title="bbox 216 2099 1282 2154; baseline -0.001 -14"><span class='ocrx_word' id='word_1_170' title='bbox 216 2104 452 2154; x_wconf 83' lang='lat' dir='ltr'>antequam</span> <span class='ocrx_word' id='word_1_171' title='bbox 486 2113 628 2140; x_wconf 91' lang='lat' dir='ltr'>meam</span> <span class='ocrx_word' id='word_1_172' title='bbox 661 2113 742 2153; x_wconf 92' lang='lat' dir='ltr'>pro</span> <span class='ocrx_word' id='word_1_173' title='bbox 774 2099 939 2139; x_wconf 90' lang='lat' dir='ltr'>viribus</span> <span class='ocrx_word' id='word_1_174' title='bbox 971 2099 1282 2140; x_wconf 86' lang='lat' dir='ltr'>demonstrem.</span> 
     </span>
    </p>
   </div>
   <div class='ocr_carea' id='block_1_5' title="bbox 335 2211 965 2266">
    <p class='ocr_par' dir='ltr' id='par_1_5' title="bbox 335 2211 965 2266">
     <span class='ocr_line' id='line_1_25' title="bbox 335 2211 965 2266; baseline 0 -14"><span class='ocrx_word' id='word_1_175' title='bbox 335 2225 374 2252; x_wconf 91' lang='lat' dir='ltr'>a.</span> <span class='ocrx_word' id='word_1_176' title='bbox 409 2211 737 2253; x_wconf 79' lang='lat' dir='ltr'>Sententiarum</span> <span class='ocrx_word' id='word_1_177' title='bbox 768 2211 965 2266; x_wconf 80' lang='lat' dir='ltr'>cognitio,</span> 
     </span>
    </p>
   </div>
   <div class='ocr_carea' id='block_1_6' title="bbox 217 2299 1716 2740">
    <p class='ocr_par' dir='ltr' id='par_1_6' title="bbox 217 2299 1716 2740">
     <span class='ocr_line' id='line_1_26' title="bbox 277 2299 1716 2342; baseline 0.001 -2"><span class='ocrx_word' id='word_1_178' title='bbox 277 2300 445 2341; x_wconf 91' lang='lat' dir='ltr'>Primus</span> <span class='ocrx_word' id='word_1_179' title='bbox 478 2306 526 2341; x_wconf 92' lang='lat' dir='ltr'>ut</span> <span class='ocrx_word' id='word_1_180' title='bbox 557 2300 649 2341; x_wconf 88' lang='lat' dir='ltr'>fieri</span> <span class='ocrx_word' id='word_1_181' title='bbox 678 2300 789 2342; x_wconf 91' lang='lat' dir='ltr'>solet</span> <span class='ocrx_word' id='word_1_182' title='bbox 816 2300 994 2341; x_wconf 91' lang='lat' dir='ltr'>honoris</span> <span class='ocrx_word' id='word_1_183' title='bbox 1022 2313 1155 2341; x_wconf 89' lang='lat' dir='ltr'>causa</span> <span class='ocrx_word' id='word_1_184' title='bbox 1184 2299 1426 2341; x_wconf 87' lang='lat' dir='ltr'>laudandus</span> <span class='ocrx_word' id='word_1_185' title='bbox 1444 2307 1510 2342; x_wconf 90' lang='lat' dir='ltr'>est</span> <span class='ocrx_word' id='word_1_186' title='bbox 1526 2301 1716 2342; x_wconf 89' lang='lat' dir='ltr'>Momm-</span> 
     </span>
     <span class='ocr_line' id='line_1_27' title="bbox 217 2376 1713 2432; baseline 0.003 -15"><span class='ocrx_word' id='word_1_187' title='bbox 217 2390 345 2418; x_wconf 90' lang='lat' dir='ltr'>senus</span> <span class='ocrx_word' id='word_1_188' title='bbox 402 2377 476 2432; x_wconf 91' lang='lat' dir='ltr'>qui</span> <span class='ocrx_word' id='word_1_189' title='bbox 533 2377 588 2418; x_wconf 91' lang='lat' dir='ltr'>de</span> <span class='ocrx_word' id='word_1_190' title='bbox 640 2383 842 2419; x_wconf 88' lang='lat' dir='ltr'>extrema</span> <span class='ocrx_word' id='word_1_191' title='bbox 890 2378 1106 2432; x_wconf 85' lang='lat' dir='ltr'>poematis</span> <span class='ocrx_word' id='word_1_192' title='bbox 1153 2384 1279 2431; x_wconf 92' lang='lat' dir='ltr'>parte</span> <span class='ocrx_word' id='word_1_193' title='bbox 1327 2378 1437 2419; x_wconf 89' lang='lat' dir='ltr'>haec</span> <span class='ocrx_word' id='word_1_194' title='bbox 1484 2379 1650 2420; x_wconf 88' lang='lat' dir='ltr'>censuit</span> <span class='ocrx_word' id='word_1_195' title='bbox 1669 2376 1713 2432; x_wconf 76' lang='lat'>1).</span> 
     </span>
     <span class='ocr_line' id='line_1_28' title="bbox 220 2454 1715 2509; baseline 0.001 -14"><span class='ocrx_word' id='word_1_196' title='bbox 220 2454 575 2509; x_wconf 80' lang='lat' dir='ltr'>„Unvermittelt‚</span> <span class='ocrx_word' id='word_1_197' title='bbox 624 2454 745 2496; x_wconf 91' lang='lat' dir='ltr'>nicht</span> <span class='ocrx_word' id='word_1_198' title='bbox 789 2455 899 2495; x_wconf 92' lang='lat' dir='ltr'>eben</span> <span class='ocrx_word' id='word_1_199' title='bbox 943 2455 1141 2508; x_wconf 88' lang='lat' dir='ltr'>po&#39;e&#39;tisch</span> <span class='ocrx_word' id='word_1_200' title='bbox 1175 2455 1289 2495; x_wconf 88' lang='lat' dir='ltr'>wohl</span> <span class='ocrx_word' id='word_1_201' title='bbox 1321 2456 1595 2509; x_wconf 76' lang='lat' dir='ltr'>angekntipft</span> <span class='ocrx_word' id='word_1_202' title='bbox 1627 2456 1715 2496; x_wconf 90' lang='lat' dir='ltr'>und</span> 
     </span>
     <span class='ocr_line' id='line_1_29' title="bbox 218 2532 1715 2574; baseline 0.001 -2"><span class='ocrx_word' id='word_1_203' title='bbox 218 2532 297 2574; x_wconf 90' lang='lat' dir='ltr'>mit</span> <span class='ocrx_word' id='word_1_204' title='bbox 345 2532 523 2573; x_wconf 86' lang='lat' dir='ltr'>kurzem</span> <span class='ocrx_word' id='word_1_205' title='bbox 572 2532 702 2574; x_wconf 90' lang='lat' dir='ltr'>Wort</span> <span class='ocrx_word' id='word_1_206' title='bbox 745 2532 852 2573; x_wconf 88' lang='lat' dir='ltr'>wird</span> <span class='ocrx_word' id='word_1_207' title='bbox 894 2532 971 2573; x_wconf 89' lang='lat' dir='ltr'>der</span> <span class='ocrx_word' id='word_1_208' title='bbox 1014 2532 1132 2573; x_wconf 92' lang='lat' dir='ltr'>Preis</span> <span class='ocrx_word' id='word_1_209' title='bbox 1165 2533 1283 2573; x_wconf 89' lang='lat' dir='ltr'>eines</span> <span class='ocrx_word' id='word_1_210' title='bbox 1315 2533 1494 2574; x_wconf 87' lang='lat' dir='ltr'>zweiten</span> <span class='ocrx_word' id='word_1_211' title='bbox 1529 2532 1715 2574; x_wconf 86' lang='lat' dir='ltr'>Standes</span> 
     </span>
     <span class='ocr_line' id='line_1_30' title="bbox 219 2609 1711 2663; baseline 0.001 -14"><span class='ocrx_word' id='word_1_212' title='bbox 219 2609 557 2663; x_wconf 90' lang='lat' dir='ltr'>angeschlossen</span> <span class='ocrx_word' id='word_1_213' title='bbox 604 2610 759 2650; x_wconf 89' lang='lat' dir='ltr'>dessen</span> <span class='ocrx_word' id='word_1_214' title='bbox 804 2609 924 2650; x_wconf 91' lang='lat' dir='ltr'>Ehre</span> <span class='ocrx_word' id='word_1_215' title='bbox 956 2609 1034 2650; x_wconf 91' lang='lat' dir='ltr'>der</span> <span class='ocrx_word' id='word_1_216' title='bbox 1069 2609 1206 2650; x_wconf 89' lang='lat' dir='ltr'>Fleisz</span> <span class='ocrx_word' id='word_1_217' title='bbox 1239 2610 1327 2650; x_wconf 93' lang='lat' dir='ltr'>und</span> <span class='ocrx_word' id='word_1_218' title='bbox 1360 2610 1438 2650; x_wconf 92' lang='lat' dir='ltr'>der</span> <span class='ocrx_word' id='word_1_219' title='bbox 1468 2609 1711 2651; x_wconf 89' lang='lat' dir='ltr'>Gehorsam</span> 
     </span>
     <span class='ocr_line' id='line_1_31' title="bbox 217 2686 1715 2740; baseline 0.001 -14"><span class='ocrx_word' id='word_1_220' title='bbox 217 2687 296 2727; x_wconf 89' lang='lat' dir='ltr'>ist:</span> <span class='ocrx_word' id='word_1_221' title='bbox 329 2700 375 2726; x_wconf 91' lang='lat' dir='ltr'>es</span> <span class='ocrx_word' id='word_1_222' title='bbox 418 2686 515 2727; x_wconf 92' lang='lat' dir='ltr'>sind</span> <span class='ocrx_word' id='word_1_223' title='bbox 557 2687 627 2727; x_wconf 92' lang='lat' dir='ltr'>die</span> <span class='ocrx_word' id='word_1_224' title='bbox 659 2700 799 2727; x_wconf 93' lang='lat' dir='ltr'>neuen</span> <span class='ocrx_word' id='word_1_225' title='bbox 832 2686 1121 2727; x_wconf 90' lang='lat' dir='ltr'>kaiserlichen</span> <span class='ocrx_word' id='word_1_226' title='bbox 1153 2686 1715 2740; x_wconf 76' lang='lat' dir='ltr'>Verwaltungsbeambten,</span> 
     </span>
    </p>
   </div>
   <div class='ocr_carea' id='block_1_7' title="bbox 273 2808 658 2854">
    <p class='ocr_par' dir='ltr' id='par_1_7' title="bbox 273 2808 658 2854">
     <span class='ocr_line' id='line_1_32' title="bbox 273 2808 658 2854; baseline 0.005 -12"><span class='ocrx_word' id='word_1_227' title='bbox 273 2810 305 2853; x_wconf 93' lang='lat'>1)</span> <span class='ocrx_word' id='word_1_228' title='bbox 332 2808 388 2844; x_wconf 85' lang='lat' dir='ltr'>Cf.</span> <span class='ocrx_word' id='word_1_229' title='bbox 414 2809 465 2844; x_wconf 89' lang='grc'><strong>1.1.</strong></span> <span class='ocrx_word' id='word_1_230' title='bbox 491 2820 576 2854; x_wconf 85' lang='lat' dir='ltr'>pag.</span> <span class='ocrx_word' id='word_1_231' title='bbox 603 2819 658 2853; x_wconf 92' lang='lat'>37.</span> 
     </span>
    </p>
   </div>
  </div>
 </body>
</html>
