1955 3157
719 598 1235 678 PRAEFATIO.

288 861 476 902 Paucula
508 861 727 916 quaedam
760 859 1084 914 praemonenda
1116 872 1209 899 esse
1238 865 1346 912 puto
1378 858 1432 898 de
1465 858 1560 911 ipso
1592 858 1720 900 huius

227 945 535 998 disputationis
580 943 761 984 consilio
808 949 851 984 et
899 943 1078 984 ratione.
1129 941 1263 982 Anno
1312 941 1489 981 Domini
1544 943 1651 994 1908
1695 955 1721 982 a

229 1029 455 1070 Facultate
507 1027 740 1069 Litteraria
787 1026 1095 1068 Universitatis
1142 1025 1566 1067 Amstelodamensis
1613 1025 1721 1066 haec

227 1110 439 1164 Quaestio
473 1111 644 1164 publice
677 1110 757 1151 fuit
789 1110 1042 1164 proposita:

289 1194 573 1243 „Instituatur
619 1193 858 1246 disputatio
906 1191 960 1232 de
993 1191 1167 1232 Horatii
1200 1191 1309 1232 Odis
1341 1192 1366 1232 l.
1402 1192 1478 1243 ΙΙΙ,
1519 1192 1641 1244 1-6‚
1671 1205 1722 1232 ea

227 1278 395 1318 ratione
438 1283 485 1318 ut
527 1277 767 1330 opiniones,
811 1288 924 1330 quae
967 1275 1067 1315 inde
1101 1289 1127 1315 a
1159 1275 1435 1315 Mommseno
1468 1274 1586 1328 (Act.
1622 1274 1720 1316 Soc.

227 1361 336 1414 Reg.
371 1360 616 1413 Borussiae,
651 1373 688 1400 a.
730 1360 852 1413 1889,
887 1373 927 1412 p.
966 1367 1020 1410 50
1051 1372 1129 1412 sq.‚
1161 1357 1212 1398 cf.
1243 1358 1533 1411 Mnemosyne
1552 1358 1720 1407 XXVI,

227 1458 267 1498 p.
309 1453 384 1496 125
421 1444 535 1498 sqq.)
569 1456 705 1497 usque
738 1441 793 1482 ad
828 1442 1003 1482 Petrum
1037 1439 1302 1481 Corssenum
1331 1441 1460 1494 (Nov.
1490 1440 1606 1481 Ann.
1632 1447 1719 1482 ant.

226 1527 362 1576 class,
407 1540 445 1567 a.
495 1536 617 1580 1907,
663 1540 703 1579 p.
742 1526 822 1576 582
857 1525 972 1579 sqq.)
1015 1537 1113 1565 cum
1142 1524 1197 1564 de
1229 1523 1497 1577 singularum
1531 1524 1720 1578 partium

225 1617 319 1652 tum
353 1611 406 1651 de
439 1611 640 1651 universa
668 1609 865 1651 Odarum
893 1607 1211 1662 significatione
1229 1606 1425 1661 prolatae
1442 1614 1556 1659 sunt,
1575 1607 1722 1648 critice

227 1694 531 1735 examinentur
564 1693 632 1746 (cf.
668 1692 965 1741 Loeschhorn‚
986 1691 1085 1732 Wo.
1114 1690 1180 1731 fur
1209 1689 1352 1731 Klass.
1383 1689 1507 1743 Phil.,
1534 1704 1572 1731 a.
1598 1700 1722 1743 1907,

226 1791 267 1830 p.
308 1787 418 1829 1909
449 1790 530 1831 sq.‚
566 1776 634 1816 Fr.
666 1775 876 1829 Kreppel,
906 1774 984 1815 der
1012 1773 1173 1828 Zyclus
1201 1773 1278 1814 der
1295 1773 1403 1813 Hor.
1424 1772 1719 1821 Romeroden,

227 1860 378 1913 Progr.
428 1861 469 1900 in
517 1859 883 1913 Kaiserslautern⁷
941 1869 1047 1911 1903
1097 1864 1140 1899 et
1194 1868 1316 1910 1904,
1366 1856 1454 1910 alii)
1501 1862 1544 1897 et
1587 1857 1721 1910 ipsius

225 1943 449 1997 scriptoris
481 1943 784 1997 interpretatio
817 1939 1117 1983 ostendatur.’'

286 2026 475 2068 Omnem
518 2027 648 2080 igitur
689 2039 869 2080 operam
912 2038 1012 2066 cum
1054 2023 1352 2065 adhibuissem
1384 2028 1432 2064 ut
1464 2021 1522 2062 illi
1555 2023 1722 2063 muneri

226 2123 307 2164 pro
348 2109 511 2151 viribus
552 2108 862 2159 satisfacerem,
908 2108 1220 2162 Amplissimus
1264 2106 1450 2148 Senatus
1497 2105 1722 2147 Universi-

226 2193 330 2234 tatis
376 2192 584 2245 suffragio
641 2205 720 2233 suo
767 2205 881 2246 quae
927 2191 1188 2244 scripseram
1237 2189 1453 2243 probavit,
1502 2201 1724 2242 aureoque

226 2275 431 2329 dignatus
459 2282 524 2317 est
553 2276 760 2330 praemio.
791 2275 882 2315 Iam
906 2274 1093 2315 eundern
1110 2273 1199 2314 fere
1216 2273 1409 2314 libellum
1427 2278 1475 2313 ut
1492 2271 1722 2326 Specimen

227 2359 493 2400 Litterarum
526 2358 678 2411 praelo
711 2357 1013 2399 subiciendum
1045 2357 1206 2398 curavi.
1241 2356 1443 2396 Eundem
1476 2355 1587 2395 dico.
1618 2354 1722 2396 Ete-

227 2442 328 2491 nim,
363 2440 463 2482 licet
495 2455 583 2481 non
615 2455 755 2495 pauca
788 2441 946 2481 menda
978 2441 1021 2480 in
1053 2453 1106 2480 eo
1140 2439 1196 2480 ab
1236 2438 1590 2480 aestimatissimo
1622 2451 1723 2491 pro—

227 2530 397 2565 motore
426 2524 530 2564 mihi
558 2524 748 2565 indicata
774 2529 819 2565 et
841 2528 1037 2564 correcta
1054 2523 1152 2572 sint,
1171 2521 1286 2562 idern
1305 2527 1453 2563 tamen
1470 2520 1721 2575 permansit,

227 2607 380 2648 eadem
413 2621 494 2657 res,
529 2607 645 2648 idem
678 2606 919 2647 consilium.

286 2690 440 2744 Itaque
473 2703 586 2744 quae
617 2695 718 2730 ante
745 2689 1068 2729 Mommsenum
1096 2692 1228 2741 atque
1246 2692 1347 2740 post
1373 2685 1637 2727 Corssenum
1656 2685 1721 2726 1.1.

227 2774 281 2814 de
329 2773 396 2813 his
443 2774 706 2814 carminibus
753 2772 1019 2826 scripserunt
1061 2771 1141 2811 viri
1184 2770 1303 2811 docti
1347 2771 1390 2810 in
1431 2770 1515 2810 hac
1547 2782 1724 2823 quoque
