1955 3157
905 257 984 297 124

189 385 332 433 poeta,
358 391 577 432 unamque
594 377 727 418 adicit
744 376 971 430 stropham
988 389 1121 430 quam
1140 375 1362 429 ingeniose
1379 375 1617 416 admodum
1632 375 1678 429 (l)

188 457 249 497 ita
304 455 552 509 composuit
608 461 655 496 ut
705 454 842 495 altera
889 467 989 507 pars
1034 467 1134 494 cum
1180 458 1348 507 quarta,
1396 452 1533 493 altera
1580 466 1679 493 cum

189 534 341 589 quinta
373 532 458 573 oda
489 532 736 584 cohaereat,
770 545 847 572 nec
880 537 1108 584 praeterea
1140 531 1253 571 inter
1279 543 1324 570 se
1352 535 1537 584 utraque
1554 530 1680 570 nimis

189 611 404 652 disiuncta
429 610 498 651 sit.
526 610 641 651 Nam
659 609 690 662 1)
714 615 834 658 „tum
854 609 977 649 iuxta
995 608 1144 648 Iovem
1161 607 1397 648 celebravit
1414 606 1680 660 Augustum,

189 694 236 729 ut
268 687 310 728 in
342 687 427 727 oda
459 692 615 740 quarta
647 692 690 726 et
721 686 764 725 in
797 684 903 734 aliis,
937 685 1013 725 sed
1043 683 1145 725 fecit
1172 683 1255 724 hoc
1283 683 1495 724 eiusmodi
1523 684 1678 734 verbis,

189 771 237 806 ut
278 778 355 818 per
392 763 590 818 gravium
623 763 852 803 Persarum
886 761 1352 802 commemorationem
1385 761 1682 815 acquireretur

190 841 334 894 aliqua
365 841 565 882 transitio
597 840 653 880 ad
685 840 856 880 illorum
888 839 1087 892 captivos
1125 844 1169 879 et
1201 838 1257 878 ad
1291 837 1503 892 reliquam
1536 838 1679 889 odam,

189 933 302 974 quae
349 919 480 973 igitur
522 932 637 958 nexu
680 916 905 966 artificiali,
949 916 1052 956 laxo
1086 921 1129 956 et
1160 920 1332 956 tantum
1365 920 1551 955 externo
1582 928 1682 956 cum

190 997 368 1037 introitu
402 1002 468 1037 est
500 994 746 1048 copulata.''
781 994 1009 1034 Postrema
1040 993 1150 1033 haec
1181 992 1383 1033 videntur
1410 991 1517 1033 mihi
1534 993 1682 1033 rectis-

191 1074 312 1114 sima.
367 1071 470 1113 Alia
516 1079 665 1113 tamen
712 1072 782 1112 via
829 1071 984 1112 eodem
1032 1068 1373 1124 perveniendum
1421 1082 1515 1110 esse
1559 1075 1680 1123 puto.

192 1151 367 1192 Etenim
415 1150 450 1190 si
493 1150 687 1190 admittis
730 1162 843 1203 quae
879 1148 1061 1189 tradidit
1093 1147 1157 1188 vir
1188 1147 1342 1187 doctus
1374 1146 1518 1187 verbis
1549 1145 1682 1187 modo

190 1227 388 1277 laudatis,
414 1227 639 1267 miraberis
666 1239 771 1267 sane
797 1224 916 1280 quod
944 1239 1029 1265 non
1048 1223 1227 1277 singulis
1245 1224 1508 1264 carminibus
1525 1224 1683 1265 nostris

191 1305 415 1346 introitum
457 1303 590 1345 talem
632 1303 939 1354 ‘fabricaverit’
981 1302 1202 1342 Horatius
1238 1302 1418 1342 Frustra
1449 1301 1564 1341 enim
1596 1300 1682 1341 tale

192 1382 295 1435 quid
342 1395 526 1435 quaeres
572 1382 684 1422 intra
726 1381 925 1434 quintum
967 1393 1143 1420 carmen
1184 1385 1317 1431 atque
1349 1384 1536 1419 sextum.
1571 1378 1683 1418 Iam-

191 1473 295 1500 vero
336 1460 371 1499 si
403 1465 504 1512 post
535 1457 643 1499 odas
674 1457 895 1498 confectas
928 1456 1031 1497 utile
1063 1457 1259 1497 duxisset
1291 1455 1359 1496 vel
1392 1455 1684 1496 necessarium

192 1536 411 1577 vinculum
444 1541 689 1589 conectens,
723 1536 835 1576 inter
867 1534 1064 1587 quintam
1091 1539 1134 1574 et
1161 1539 1332 1574 sextam
1361 1532 1552 1573 maxime
1579 1531 1684 1572 illud

194 1614 352 1668 requiri
386 1619 505 1655 certo
538 1613 696 1654 certius
728 1612 992 1666 agnovisset.

252 1691 320 1732 Ne
367 1704 471 1731 vero
514 1704 583 1730 me
626 1689 738 1730 male
780 1689 876 1742 quis
919 1687 1165 1741 intellegat:
1209 1701 1295 1728 non
1333 1687 1488 1740 negavi
1522 1699 1684 1726 nexum

194 1769 305 1809 inter
347 1774 492 1808 cetera
534 1774 709 1808 exstare
751 1766 945 1806 carmina
976 1771 1021 1807 et
1052 1765 1228 1818 quidem
1261 1763 1474 1804 eiusmodi
1507 1776 1682 1812 nexum,

194 1845 366 1899 qualem
415 1845 643 1898 descripsit
689 1843 963 1893 Karstenius‚
1006 1843 1082 1883 sed
1124 1842 1254 1882 credo
1297 1839 1685 1895 (quemadmodum

195 1937 275 1977 pro
321 1922 549 1976 prooemio
596 1921 771 1962 alterius
819 1920 1022 1961 carminis
1063 1919 1328 1973 explicavi2)
1369 1942 1439 1968 —‚
1483 1917 1686 1958 carminis

195 2000 416 2053 sequentis
472 2012 559 2039 non
606 1998 783 2053 quidem
831 1997 1104 2051 propositum
1153 1997 1229 2037 sed
1276 1995 1463 2036 formam
1509 2009 1566 2035 ex
1612 1993 1685 2034 illo

198 2076 368 2126 „nexu”
403 2077 547 2130 potius
579 2090 672 2116 esse
705 2082 848 2116 ortam
882 2089 1014 2128 quam
1043 2081 1196 2116 contra
1223 2087 1386 2114 nexum
1404 2087 1462 2113 ex
1478 2072 1683 2113 carmine.

198 2155 330 2194 Facio
373 2154 503 2207 igitur
544 2154 586 2193 in
629 2153 711 2192 hac
754 2165 800 2192 re
841 2166 940 2192 cum
985 2151 1172 2192 Iurenka
1189 2150 1220 2203 3)
1264 2151 1368 2200 „Bei
1402 2149 1686 2202 Erwahnung

197 2232 274 2271 der
330 2231 481 2270 Perser
534 2231 595 2283 (ε
623 2229 820 2281 Parther>
867 2243 906 2269 v,
954 2241 983 2280 4
1027 2235 1169 2269 treten
1217 2228 1316 2268 dem
1363 2227 1546 2268 Dichter
1586 2226 1686 2279 jene

197 2308 536 2361 ehrvergessene
593 2308 758 2347 Romer
809 2320 888 2347 vor
935 2307 1004 2347 die
1052 2305 1175 2347 Seele
1222 2306 1292 2346 die
1340 2304 1439 2345 dort
1486 2304 1554 2344 bei
1601 2303 1686 2343 den

198 2384 411 2425 Parthern
454 2384 496 2423 in
535 2383 611 2424 der
644 2383 741 2424 Ehe
772 2384 850 2425 mit
885 2383 1298 2424 Barbarenweibern
1330 2382 1475 2422 lebten
1507 2394 1542 2420 e.
1562 2393 1603 2433 q.
1623 2379 1684 2420 S.''

200 2461 258 2501 Et
304 2474 416 2515 quae
462 2461 517 2500 de
564 2460 792 2514 Augusto:
838 2459 1101 2509 „Abermals
1143 2461 1198 2500 ist
1240 2459 1309 2500 die
1351 2458 1572 2512 gegebene
1605 2457 1686 2497 Be-

198 2537 384 2590 ziehung
414 2537 488 2578 auf
513 2537 741 2591 Augustus
769 2551 849 2578 nur
876 2538 971 2577 eine
993 2536 1216 2589 schuldige
1234 2533 1684 2587 Abschlagszahlung‚

253 2708 284 2751 1)
311 2707 366 2741 Cf.
394 2707 613 2741 Karstenius
639 2707 687 2741 1.1.
714 2717 798 2751 pag.
829 2706 891 2749 167
919 2717 973 2751 sq.

249 2785 284 2827 2)
311 2784 405 2818 Vide
432 2794 544 2828 supra
569 2795 654 2829 pag.
682 2791 724 2827 25
752 2794 806 2828 sq.

250 2863 286 2905 3)
312 2860 367 2896 Cf.
394 2861 444 2895 1.1.
469 2871 554 2906 pag.
580 2870 659 2904 303.
