1955 3157
885 299 967 330 110

189 420 450 461 clarissimus
491 420 556 460 vir
596 420 640 459 in
672 419 722 459 iis
753 419 948 460 versibus
981 417 1098 459 nullo
1133 416 1265 457 modo
1299 416 1505 469 detegere
1538 415 1681 469 potuit

189 497 380 551 aliquam
427 496 617 550 Augusti
664 495 1039 549 significationem,
1083 494 1342 547 cogiturque
1383 493 1514 546 igitur
1555 492 1681 534 fateri

191 589 302 629 quae
333 587 466 628 supra
496 573 718 627 descripsi.
752 572 900 626 Quare
931 578 1092 621 autem,
1123 584 1299 625 quaeso,
1328 570 1431 611 alibi
1458 569 1542 611 alia
1558 575 1683 610 erant

191 650 481 705 intellegenda
526 664 601 690 seu
644 650 788 703 potius
831 648 1032 689 addenda
1074 654 1118 689 et
1160 646 1458 701 supponenda,
1503 646 1575 687 ubi
1608 647 1683 687 vix

191 728 536 783 agnoscebamus
568 727 820 781 quidquam,
855 726 934 766 nisi
967 725 1112 766 denuo
1145 738 1277 778 puras
1310 723 1506 765 fabulas?

192 861 216 916 ξ
239 872 273 902 Ι.
301 859 666 901 COHAEREATNE
693 867 892 899 CARMEN
918 865 1017 898 HOC
1045 865 1145 898 CUM
1168 865 1385 897 CARMINE
1406 864 1683 897 SUPERIORE.

252 955 526 996 Dissentiunt
565 954 645 994 viri
688 953 805 994 docti
848 952 902 993 de
935 952 1189 1005 quaestione
1223 951 1512 992 cohaereatne
1543 951 1686 1004 prima

193 1033 375 1086 stropha
406 1046 505 1073 cum
537 1031 772 1085 superioris
803 1030 1006 1070 carminis
1037 1035 1248 1083 extrema,
1277 1029 1350 1069 ubi
1377 1028 1550 1068 Musam
1580 1026 1685 1068 allo-

194 1111 339 1163 quitur
357 1110 577 1159 Horatius,
598 1122 746 1150 necne.
766 1107 850 1161 Qui
869 1107 1099 1161 affirmant,
1118 1107 1220 1160 ipsis
1239 1107 1462 1159 utriusque
1475 1104 1684 1158 strophae

191 1188 333 1228 verbis
380 1192 705 1241 permoventur,
748 1198 861 1239 quae
903 1184 1046 1238 specie
1089 1184 1266 1237 quidem
1300 1197 1386 1224 non
1419 1197 1464 1223 re
1496 1183 1607 1223 inter
1639 1195 1685 1222 se

191 1272 484 1319 opponuntur.
519 1263 590 1305 Sic
623 1262 997 1315 Mommsenus1):
1031 1261 1093 1302 Er
1124 1262 1265 1302 selber
1298 1261 1383 1302 rust
1415 1261 1534 1301 seine
1562 1259 1686 1300 Muse

191 1357 261 1384 am
309 1342 487 1384 Schluss
529 1356 593 1395 zu,
637 1341 721 1381 den
764 1339 932 1393 Olymp
974 1340 1017 1379 in
1061 1339 1188 1379 Ruhe
1230 1353 1281 1379 zu
1313 1338 1469 1379 lassen.
1503 1337 1551 1377 In
1584 1336 1684 1377 dem

192 1419 424 1473 folgenden
453 1419 588 1459 Liede
616 1418 788 1458 kommt
817 1418 877 1458 sie
904 1417 1018 1457 denn
1041 1417 1153 1457 auch
1171 1429 1273 1456 vom
1292 1414 1485 1455 Himmel
1502 1412 1683 1455 herab.‘'

192 1496 317 1550 Quae
349 1497 490 1536 ieiuna
520 1509 624 1536 sane
651 1495 889 1536 admodum
923 1495 1028 1535 mihi
1060 1494 1277 1535 videntur.
1309 1492 1464 1545 Neque
1491 1491 1546 1532 ad
1575 1490 1685 1531 refu-

191 1574 327 1615 tanda
373 1587 424 1614 ea
465 1573 708 1613 necessaria
749 1572 956 1613 existimo
989 1585 1102 1626 quae
1133 1571 1359 1611 annotavit
1391 1569 1608 1623 Seligerus
1627 1569 1683 1622 2);

194 1652 324 1701 „dasz
371 1651 440 1692 die
486 1651 611 1691 Muse
654 1651 712 1690 im
755 1650 932 1691 weitern
975 1648 1181 1690 Verlaufe
1224 1649 1300 1689 des
1340 1646 1552 1688 Gedichts
1584 1646 1685 1686 dem

193 1728 304 1769 eben
345 1728 543 1769 erteilten
586 1727 765 1768 Befehle
806 1726 1100 1780 ungehorsam
1145 1726 1252 1766 wird
1295 1725 1382 1765 und
1420 1737 1533 1765 zwar
1566 1723 1686 1764 nicht

193 1806 263 1846 die
311 1804 564 1859 Gesprache
605 1805 683 1845 der
725 1804 895 1854 Gotter‚
939 1803 1055 1844 wohl
1097 1803 1202 1843 aber
1244 1802 1337 1843 ihre
1380 1801 1556 1842 Thaten
1587 1814 1686 1840 zum

195 1882 478 1937 Gegenstand
505 1882 620 1922 ihres
648 1881 875 1935 Gesanges
894 1879 1084 1921 macht.''
1104 1880 1279 1921 Etenim
1298 1878 1398 1919 inde
1415 1878 1471 1919 ab
1489 1878 1686 1919 Homero

194 1960 437 2000 communis
493 1965 560 2000 est
615 1958 684 1999 ille
731 1957 850 1998 locus
899 1958 1015 2011 apud
1062 1964 1228 2010 poetas.
1277 1956 1469 1997 Invitant
1515 1968 1685 1996 musam

195 2037 386 2090 aliquam
433 2037 489 2077 ad
530 2036 796 2077 cantandum
815 2036 859 2088 3).
904 2035 1055 2088 Atque
1097 2035 1224 2075 unica
1255 2034 1379 2083 ratio,
1413 2046 1489 2074 cur
1522 2045 1686 2073 nexum

196 2120 408 2167 quaerant
455 2114 646 2154 nonnulli
693 2119 760 2154 est
806 2113 938 2153 haec:
987 2112 1105 2166 quod
1153 2112 1348 2152 omnium
1390 2124 1470 2151 sex
1501 2110 1685 2151 odarum

196 2192 496 2232 Romanarum
553 2190 773 2232 vinculum
820 2191 880 2230 sic
928 2189 1066 2230 solum
1116 2188 1285 2230 ostendi
1331 2201 1461 2241 posse
1508 2187 1684 2228 ducunt.

197 2268 511 2309 Verumtamen
539 2281 626 2308 non
653 2268 794 2316 video,
825 2280 912 2320 qua
938 2267 993 2307 de
1019 2279 1151 2306 causa
1177 2265 1264 2307 tale
1292 2265 1396 2319 quid
1414 2264 1686 2318 requiratur?

198 2345 504 2398 Requiriturne
550 2344 607 2385 ad
648 2344 820 2397 cyclum
853 2343 1042 2396 aliquem
1074 2343 1314 2383 carminum
1346 2340 1685 2396 agnoscendum,

198 2428 245 2462 ut
276 2422 373 2462 finis
404 2422 528 2462 unius
560 2427 603 2462 et
635 2422 810 2463 alterius
842 2421 1011 2461 initium
1038 2433 1210 2473 semper
1236 2420 1348 2460 inter
1373 2432 1420 2459 se
1437 2417 1685 2472 excipiant?

251 2569 283 2611 1)
308 2567 364 2602 Cf.
391 2568 440 2602 1.1.
466 2578 551 2612 pag.
578 2577 634 2612 30.

247 2645 283 2688 2)
309 2643 365 2679 Cf.
390 2644 439 2678 l.l.
466 2655 550 2690 pag.
577 2644 657 2688 308.
682 2645 810 2678 Verba
835 2655 933 2689 quae
958 2644 1112 2678 laudavi
1137 2643 1185 2677 ab
1211 2643 1291 2688 ipso
1314 2642 1394 2676 viro
1416 2641 1526 2676 docto
1547 2652 1622 2675 non
1636 2641 1685 2676 ad

198 2703 441 2737 refellendam
467 2703 689 2737 Mommseni
715 2704 938 2737 sententiam
963 2703 1134 2737 adhibita
1156 2708 1255 2744 sunt,
1275 2701 1339 2736 sed
1353 2707 1483 2736 contra
1496 2701 1684 2735 Acronem

200 2768 236 2795 et
261 2761 568 2807 Porphyrionem.

249 2840 285 2882 3)
318 2838 412 2872 Mira
454 2838 651 2872 sedulitate
695 2838 844 2882 collegit
890 2838 991 2873 locos
1033 2838 1243 2884 complures
1282 2837 1499 2871 Riednerus.
1539 2836 1595 2871 Cf.
1634 2837 1685 2872 1.1.

201 2907 285 2942 pag.
317 2906 463 2942 10—19.
