1955 3157
897 262 979 302 144

191 384 354 439 gethan
386 383 508 425 hatte
541 382 630 423 und
662 382 739 422 der
771 394 816 422 er
847 394 935 421 von
968 380 1025 420 da
1057 393 1113 420 an
1145 379 1236 420 sein
1269 378 1420 419 Leben
1452 378 1687 432 gewidmet

191 463 282 504 hat.
316 463 431 503 Dass
464 474 511 502 er
544 459 826 501 unmittelbar
854 458 965 499 nach
995 457 1135 498 seiner
1153 456 1396 497 Ruckkehr
1412 455 1688 496 sammtliche

192 539 376 593 Tempel
425 539 467 580 in
515 538 644 588 Rom,
693 536 797 577 zwei
845 534 933 576 und
979 534 1153 587 achtzig
1194 547 1250 574 an
1292 533 1370 575 der
1413 532 1534 583 Zahl,
1570 533 1689 573 einer

193 615 500 658 umfassenden
547 613 860 656 Restauration
907 611 1154 661 unterwarf‚
1203 610 1369 652 erzahlt
1401 624 1447 651 er
1479 609 1614 651 selbst
1646 610 1688 650 in

193 695 356 735 seinem
399 690 943 734 Rechenschaftsbericht:
977 690 1066 729 und
1098 688 1273 730 obwohl
1305 689 1398 729 sein
1433 686 1690 728 Ehebruch-

194 777 342 825 gezetz
385 770 477 811 sich
511 769 631 810 nicht
663 769 743 809 mit
776 766 1102 808 Bestimmtheit
1134 766 1305 807 datiren
1337 765 1455 815 lassu
1491 778 1539 806 so
1572 763 1690 805 kann

195 849 305 890 eben
338 847 449 889 nach
478 847 562 887 den
589 836 904 898 Ausserungen
922 844 999 885 des
1018 844 1222 885 Dichters
1240 843 1376 884 daran
1394 842 1495 883 kein
1516 841 1691 883 Zweifel

196 927 300 976 sein,
329 926 429 966 dass
457 938 580 965 wenn
607 923 728 964 nicht
755 923 895 963 dieses
923 921 1071 972 selbst‚
1091 921 1205 962 doch
1223 920 1293 961 die
1309 919 1691 973 Vorbereitungen

196 1004 305 1045 dazu
339 1003 380 1043 in
413 1002 606 1043 dieselbe
639 1000 822 1054 Epoche
854 999 1027 1040 fallen.''

257 1080 350 1120 Iam
407 1078 536 1119 rediit
591 1078 655 1119 vir
710 1077 988 1118 doctissimus
1041 1076 1096 1117 ad
1145 1077 1394 1130 opinionem
1443 1074 1560 1115 illam
1609 1073 1692 1114 sibi

194 1157 487 1199 carissimam:
546 1156 739 1196 carmina
797 1155 906 1196 haec
964 1167 1057 1195 esse
1114 1154 1343 1207 praeconis
1396 1151 1692 1193 monarchiae.

196 1234 340 1288 Quam
384 1235 556 1287 penitus
598 1246 854 1287 persuasum
888 1232 968 1272 sibi
1002 1238 1117 1272 esset
1148 1231 1261 1272 hanc
1292 1230 1566 1271 verissimam
1599 1242 1694 1269 esse

195 1312 457 1352 sententiam
505 1310 576 1350 hic
624 1323 800 1364 quoque
848 1308 1089 1349 luculenter
1137 1308 1341 1349 ostendit.
1388 1307 1564 1348 Etenim
1607 1319 1694 1347 non

196 1390 336 1430 solum
370 1403 426 1429 ex
458 1402 510 1429 eo
544 1387 661 1441 quod
695 1387 906 1428 Horatius
938 1385 1104 1439 templa
1138 1385 1300 1426 refecta
1333 1390 1562 1433 memorat,
1591 1396 1695 1423 con-

197 1467 331 1508 cludit
369 1480 470 1507 eum
502 1465 744 1505 celebrasse
776 1463 968 1517 Augusti
1002 1463 1257 1516 religionem
1277 1462 1322 1517 1),
1356 1463 1433 1503 sed
1468 1467 1695 1516 praeterea

198 1559 255 1585 ex
306 1544 450 1585 verbis
498 1541 750 1583 Horatianis
799 1541 852 1581 de
902 1554 1073 1582 morum
1121 1540 1338 1594 pravitate
1387 1545 1695 1593 argumentum

198 1622 320 1675 petit⁷
364 1634 451 1674 quo
493 1620 816 1660 demonstretur
858 1618 1113 1672 Augustum
1156 1617 1299 1671 legem
1343 1616 1397 1657 de
1441 1615 1695 1657 maritandis

199 1698 423 1739 ordinibus
456 1697 650 1738 nondum
683 1696 860 1750 quidem
894 1709 1084 1749 rogasse,
1120 1708 1173 1735 eo
1208 1700 1356 1736 tamen
1389 1707 1504 1735 anno
1538 1694 1624 1734 iam
1653 1693 1696 1733 in

199 1776 346 1816 animo
391 1775 596 1815 habuisse
643 1779 690 1815 ut
731 1779 908 1827 rogaret
926 1773 971 1824 2).
1016 1772 1117 1813 Non
1159 1772 1292 1825 igitur
1335 1771 1542 1812 miremur
1574 1769 1694 1825 quod

199 1853 294 1893 viro
336 1851 590 1892 doctissimo
632 1851 674 1891 in
716 1850 798 1891 hac
837 1863 969 1891 causa
1001 1849 1219 1891 adversati
1252 1856 1353 1890 sunt
1385 1847 1579 1889 nonnulli
1613 1847 1695 1888 viri

201 1929 332 1970 docti.
375 1927 574 1982 Quorum
615 1929 781 1981 primus
814 1929 963 1982 utique
995 1927 1075 1968 suit
1108 1927 1410 1980 Niemeyerus.
1450 1925 1698 1966 Audiamus

201 2007 306 2061 quid
339 2007 394 2048 sit
426 2020 514 2061 quo
546 2005 792 2046 offendatur
810 2005 854 2057 3).

264 2084 448 2137 ‚‚Wenn‚
482 2083 562 2123 wie
594 2082 708 2123 doch
742 2082 857 2123 wohl
890 2081 1011 2122 nicht
1043 2096 1093 2122 zu
1121 2080 1371 2122 bezweifeln
1398 2081 1467 2133 ist,
1484 2079 1555 2120 die
1571 2078 1699 2119 sechs

203 2167 347 2202 ersten
380 2159 508 2201 Oden
541 2160 666 2200 einen
693 2158 1187 2212 zusammengehorigen
1217 2157 1379 2211 Cyclus
1406 2170 1492 2198 von
1510 2155 1698 2197 Liedern

203 2236 361 2287 bilden,
397 2250 446 2278 so
478 2244 653 2278 mussen
680 2237 741 2277 sie
767 2250 847 2276 vor
875 2247 899 2288 7
906 2247 974 2289 34,
994 2236 1037 2276 in
1055 2235 1261 2276 welchem
1278 2234 1410 2287 Jahre
1427 2234 1498 2274 die
1515 2232 1699 2274 Parther

204 2315 273 2355 die
293 2314 581 2355 Feldzeichen
598 2313 905 2367 zuruckgaben
923 2313 1207 2367 geschrieben
1218 2313 1310 2353 sein
1320 2325 1329 2362 ;
1343 2311 1413 2352 die
1427 2311 1699 2364 Ehegesetze

206 2393 283 2432 des
325 2392 553 2446 Augustus
595 2391 700 2432 aber
742 2391 869 2432 fallen
912 2397 1000 2432 erst
1042 2391 1084 2431 in
1128 2390 1226 2442 736,
1260 2389 1349 2430 und
1381 2389 1457 2430 auf
1490 2389 1550 2429 sie
1583 2387 1699 2428 kann

206 2469 297 2509 also
330 2469 372 2508 in
405 2469 554 2509 diesen
588 2467 715 2510 Oden
747 2468 848 2508 kein
882 2469 1028 2521 Bezug
1061 2480 1325 2521 genommen
1358 2464 1492 2508 sein.’'

259 2592 290 2634 1)
324 2591 480 2625 Constat
513 2591 612 2625 enim
638 2601 683 2624 ex
708 2590 864 2625 historia
889 2590 1031 2636 templa
1055 2589 1105 2623 ab
1131 2599 1175 2623 eo
1201 2588 1333 2623 iisdem
1359 2588 1595 2633 temporibus
1620 2598 1700 2622 esse

207 2649 415 2685 aedificata.

257 2728 292 2770 2)
319 2727 389 2760 »So
418 2726 520 2761 kann
546 2726 641 2761 eben
666 2727 764 2760 nach
790 2726 863 2761 den
888 2721 1151 2770 Ausserungen
1177 2725 1242 2759 des
1268 2724 1442 2759 Dichter&
1468 2724 1587 2758 daran
1613 2723 1700 2758 kein

208 2785 356 2819 Zweifel
380 2786 480 2820 sein”
507 2796 536 2820 e.
563 2797 600 2831 q.
626 2797 652 2820 s.
681 2786 730 2820 ib.

258 2863 293 2906 3)
320 2862 414 2896 Vide
439 2862 489 2897 l.1.
516 2873 600 2908 pag.
627 2871 682 2906 73.
