1955 3157
874 256 952 295 142

501 374 574 409 Sed
600 374 700 408 iussa
724 384 851 408 coram
877 384 952 406 non
978 372 1056 406 sine
1082 371 1230 406 conscio

359 444 406 478 30
501 433 626 478 Surgit
651 432 798 474 marito,
824 443 889 466 seu
916 438 1026 466 vocat
1051 431 1210 473 institor,

549 493 621 527 Seu
646 491 754 526 navis
780 492 972 537 Hispanae
998 490 1190 534 magister,

596 551 834 586 Dedecorum
859 550 1043 596 pretiosus
1069 555 1227 595 emptor.

502 635 587 668 Non
613 634 671 668 his
696 634 871 668 iuventus
896 638 978 667 orta
1003 632 1222 678 parentibus

502 693 633 728 Infecit
658 704 800 739 aequor
825 692 1007 738 sanguine
1030 693 1171 726 Punico

360 762 403 798 35
549 753 812 798 Pyrrhumque
837 759 873 787 et
898 752 1088 796 ingentem
1115 750 1249 786 cecidit

598 812 828 847 Antiochum
854 812 1186 857 Hannibalemque
1210 811 1348 853 dirum,

503 894 577 929 Sed
602 895 826 929 rusticorum
852 894 1021 928 mascula
1046 894 1208 928 militum

502 954 642 995 Proles,
667 954 827 988 Sabellis
853 953 964 988 docta
990 954 1178 998 ligonibus

551 1015 711 1048 Versare
737 1013 892 1058 glaebas
918 1020 955 1048 et
980 1024 1134 1048 severae

361 1084 407 1117 40
598 1073 730 1108 Matris
755 1073 803 1107 ad
830 1073 1027 1107 arbitrium
1054 1073 1190 1107 recisos

503 1158 658 1190 Portare
684 1156 811 1200 fustes,
837 1156 892 1190 sol
919 1156 983 1190 ubi
1009 1156 1195 1190 montium

502 1217 664 1250 Mutaret
690 1215 846 1250 umbras
871 1222 908 1250 et
933 1216 1020 1259 iuga
1045 1215 1213 1250 demeret

551 1275 678 1309 Bobus
704 1274 881 1320 fatigatis,
907 1275 1071 1309 amicum

597 1335 764 1380 Tempus
790 1345 905 1379 agens
929 1334 1093 1368 abeunte
1118 1344 1242 1368 curru.

363 1426 407 1462 45
507 1418 701 1451 Damnosa
726 1416 818 1462 quid
844 1428 919 1450 non
946 1417 1133 1451 imminuit
1159 1416 1265 1451 dies?

505 1478 621 1512 Aetas
646 1482 846 1522 parentum
872 1477 976 1522 peior
1001 1476 1082 1510 avis
1108 1476 1194 1510 tulit

552 1538 631 1571 Nos
657 1536 867 1581 nequiores,
892 1547 978 1570 mox
1005 1535 1160 1570 daturos

598 1595 818 1640 Progeniem
845 1595 1086 1630 vitiosiorem.

232 1681 512 1722 Pervenimus
544 1681 599 1721 ad
632 1680 830 1721 ultimam
864 1680 991 1721 huius
1024 1679 1149 1733 Cycli
1183 1679 1327 1720 odam.
1362 1679 1430 1720 De
1461 1692 1548 1733 qua
1581 1692 1668 1719 non

172 1757 303 1811 longa
334 1758 415 1799 erit
447 1758 700 1811 disputatio.

290 1877 315 1929 ξ
338 1888 371 1917 1.
404 1875 533 1929 QUID
564 1884 869 1916 SIGNIFICENT
900 1884 1031 1916 DUAE
1063 1884 1247 1915 PRIMAE
1278 1883 1542 1916 STROPHAE.

232 1967 532 2006 Mommsenus
551 1967 582 2019 1)
617 1989 670 1994 -—
698 1979 829 2020 quem
859 1965 1118 2005 Karstenius
1145 1964 1228 2005 hac
1256 1965 1298 2004 in
1327 1978 1373 2005 re
1400 1977 1669 2018 magnopere

173 2044 323 2086 laudat
340 2046 372 2098 2>
404 2069 462 2075 -
494 2044 602 2085 haec
634 2044 813 2092 censuit,
849 2044 970 2094 „Das
1001 2043 1173 2084 sechste
1206 2042 1294 2083 und
1321 2042 1451 2084 letzte
1478 2041 1669 2083 Gedicht

175 2122 380 2164 erlautert
412 2122 504 2162 sich
532 2121 679 2162 selbst.
709 2121 771 2162 Es
788 2122 843 2162 ist
860 2121 977 2162 einer
994 2121 1071 2161 der
1089 2119 1529 2161 charakteristischen
1548 2119 1669 2171 Zuge

175 2200 253 2240 der
295 2199 647 2253 Augusteischen
690 2198 1014 2248 Staatsreform,
1053 2198 1155 2238 dasz
1189 2197 1255 2237 ihr
1289 2197 1566 2237 Fundament
1598 2195 1668 2236 die

177 2277 428 2318 restaurirte
469 2275 749 2317 Orthodoxie
792 2289 891 2316 war.
928 2275 1032 2315 Dies
1066 2275 1223 2315 nimmt
1255 2274 1332 2314 der
1365 2273 1549 2314 Dichter
1581 2271 1665 2313 auf.

177 2353 267 2394 Der
298 2354 462 2394 Romer
494 2354 694 2394 herrscht
726 2353 820 2393 weil
853 2366 900 2393 er
931 2351 1270 2406 gottesfurchtig
1303 2351 1369 2391 ist.

510 2442 599 2475 »Dis
624 2447 660 2475 te
685 2441 869 2475 minorem
894 2440 996 2486 quod
1021 2440 1119 2485 geris
1143 2439 1328 2484 imperas”

178 2518 302 2559 Alles
344 2519 516 2570 Unheil,
560 2519 746 2560 welches
787 2519 857 2560 die
886 2519 1136 2560 Auslander
1167 2518 1275 2558 iiber
1307 2517 1422 2558 Rom
1456 2515 1669 2570 gebracht

178 2595 334 2646 haben,
368 2595 474 2636 oder
506 2596 590 2637 fast
620 2596 832 2650 gebracht
863 2596 1042 2638 hatten.
1065 2629 1072 2636 .
1094 2628 1102 2636 .
1123 2627 1132 2637 .
1165 2595 1272 2649 geht
1304 2593 1466 2634 zuruek
1498 2591 1576 2634 auf
1598 2591 1668 2632 die

180 2672 618 2726 Vernachlassungen
651 2673 727 2713 der
760 2673 987 2727 Tempel’'.

232 2789 264 2832 ι)
289 2788 345 2823 Cf.
371 2789 420 2823 l.l.
447 2800 530 2834 pag.
557 2799 612 2833 33.

228 2864 264 2903 2)
289 2859 346 2894 Cf.
372 2860 421 2894 l.l.
448 2871 532 2905 pag.
563 2859 638 2903 146.
