1955 3157
913 246 971 296 46

191 381 258 416 est
299 374 492 428 toujours
535 374 853 428 independente
896 374 973 415 des
1014 375 1208 428 caprices
1239 375 1297 416 du
1330 374 1499 428 peuple,
1533 380 1577 416 et
1607 376 1682 429 qui

192 451 357 504 malgre'
389 452 446 493 lui
468 465 514 492 se
545 452 735 493 soutient
766 451 960 504 toujours
992 451 1101 492 dans
1129 452 1191 492 les
1219 452 1364 505 places
1382 453 1444 492 les
1462 451 1558 505 plus
1576 453 1684 492 e'mi-

192 527 386 569 nentes.''
429 529 488 570 Et
519 528 641 570 addit
671 529 738 569 vir
768 528 838 568 ille
871 529 1208 569 eruditissimus:
1244 528 1344 578 „On
1376 529 1600 569 reconnait
1631 529 1684 569 ici

190 605 230 646 le
262 605 423 659 dogme
456 606 531 646 des
564 605 790 653 Stoi'ciens‚
824 618 1046 659 nunquam
1075 606 1293 658 privatum
1321 619 1414 646 esse
1441 606 1684 660 sapientem

194 696 305 736 „que
338 682 377 723 le
408 696 512 736 sage
545 682 655 723 n’est
675 682 832 735 jamais
858 682 1036 722 homme
1063 682 1228 735 prive.'’
1259 683 1433 723 Premet
1450 696 1520 723 me
1537 689 1684 724 autem

191 759 463 800 adversarius
491 773 611 799 meus
639 759 810 799 dicens:
830 758 916 799 Sed
935 765 981 799 tu
999 759 1202 799 concedis
1219 759 1300 800 sub
1318 760 1494 799 nomine
1512 759 1686 800 virtutis

191 837 368 876 omnino
416 835 729 889 comprehendi
779 834 1129 876 Fortitudinem?
1176 835 1236 876 Et
1277 849 1385 888 ego:
1419 835 1547 890 Sane,
1580 835 1685 890 quid

191 913 317 953 inde?
365 913 479 953 Tum
522 911 615 952 ille:
659 911 798 966 Atqui
840 912 883 952 in
927 912 1122 953 versibus
1164 913 1527 966 praecedentibus
1569 911 1687 953 haud

190 989 373 1030 obscure
400 989 643 1030 celebratur
660 988 917 1029 Fortitudo:
938 989 1058 1042 Ergo
1075 995 1142 1030 est
1160 989 1203 1029 in
1221 996 1427 1043 promptu
1446 989 1683 1043 explicatio

191 1080 217 1106 a
242 1067 517 1106 Mommseno
546 1065 726 1119 aliisque
753 1065 936 1119 prolata.
957 1065 1108 1120 Atque
1127 1079 1214 1107 non
1231 1066 1402 1108 illorum
1420 1072 1486 1107 est
1504 1067 1685 1108 demon-

190 1149 340 1193 strare,
374 1149 497 1184 tuum
531 1156 635 1183 vero
669 1142 870 1183 refutare.

250 1219 329 1260 Cui
373 1219 618 1273 respondeo
660 1219 873 1273 imprimis
905 1220 1141 1261 verissimis
1173 1220 1240 1261 his
1274 1221 1483 1262 Karsteni
1515 1222 1689 1262 verbis:

193 1297 367 1346 „Sicubi
400 1296 443 1337 hi
476 1310 624 1337 versus
657 1310 735 1350 per
766 1310 812 1337 se
844 1296 1091 1349 legerentur
1123 1297 1249 1338 nullis
1268 1298 1360 1339 aliis
1380 1298 1690 1352 praeeuntibus

195 1381 271 1416 aut
297 1374 595 1428 sequentibus,
617 1387 746 1414 nemo
764 1380 973 1428 punctum
991 1375 1202 1428 temporis
1219 1375 1438 1416 affirmare
1455 1376 1690 1428 dubitaret,

197 1451 406 1492 contineri
454 1451 749 1493 laudationem
797 1465 921 1491 rarae
968 1458 1011 1492 et
1057 1452 1260 1505 egregiae
1308 1453 1616 1506 praestantiae,
1665 1466 1691 1492 a

198 1528 364 1581 vulgari
422 1535 549 1570 coetu
605 1541 782 1582 prorsus
833 1535 1042 1577 semotae,
1091 1530 1268 1582 optimis
1317 1529 1566 1570 mortalium
1614 1543 1691 1584 per

198 1605 313 1645 viam
375 1606 557 1646 arduam
614 1606 783 1647 coelum
839 1606 1101 1659 aperientis''
1122 1605 1166 1659 1).
1226 1606 1408 1657 Deinde,
1466 1607 1547 1648 etsi
1604 1620 1691 1647 non

197 1681 401 1735 leguntur
443 1696 521 1736 per
562 1696 608 1723 se
648 1684 726 1723 sed
768 1689 868 1736 post
899 1682 1007 1723 alios
1038 1697 1169 1737 supra
1202 1697 1282 1736 pro
1313 1684 1476 1725 viribus
1509 1698 1534 1724 a
1566 1684 1691 1725 nobis

199 1758 448 1808 illustratos,
492 1759 777 1812 multiplicem
820 1759 1123 1801 difficultatem
1155 1760 1336 1801 afferent
1368 1761 1448 1801 nisi
1481 1761 1692 1814 interpre-

200 1842 346 1877 tentur
378 1843 426 1877 ut
458 1837 664 1878 dicemus.

260 1912 369 1954 Illud
411 1914 503 1953 sine
546 1913 679 1954 dubio
720 1914 1025 1967 gravissimum
1067 1920 1133 1955 est
1174 1914 1293 1969 quod
1335 1914 1497 1955 nullam
1539 1914 1694 1955 habuit

203 1989 413 2030 rationem
460 1990 735 2031 doctissimus
785 1991 1082 2032 Mommsenus
1130 1992 1262 2045 ipsius
1311 1991 1484 2032 Horatii
1528 1992 1692 2032 consilii

203 2079 254 2106 ac
296 2067 521 2121 propositi,
565 2081 705 2122 neque
747 2081 897 2108 eorum
930 2069 986 2108 ad
1019 2081 1130 2122 quos
1162 2068 1505 2109 commonendos
1536 2069 1693 2110 cecinit

203 2149 346 2196 poeta.
381 2143 430 2184 Id
461 2158 565 2184 vero
598 2145 633 2184 si
665 2158 752 2185 non
780 2145 1034 2194 omittimus,
1064 2146 1195 2185 variis
1223 2144 1303 2185 illis
1329 2145 1585 2186 contortulis
1614 2146 1694 2186 viis

205 2232 290 2259 non
318 2234 427 2273 opus
455 2221 535 2262 erit
562 2235 767 2275 unquam,
797 2228 844 2263 ut
871 2222 926 2262 ad
954 2236 1102 2263 veram
1125 2223 1384 2263 sententiam
1402 2229 1694 2275 penetremus,

265 2298 312 2337 In
345 2305 498 2339 neutra
530 2299 711 2352 stropha
743 2313 886 2339 sermo
914 2305 979 2339 est
1006 2299 1060 2339 de
1089 2299 1228 2340 milite
1237 2300 1449 2353 gregario
1460 2315 1476 2351 ‚·
1492 2301 1527 2340 si
1545 2306 1693 2341 autem

207 2374 332 2427 fingis
364 2387 463 2414 eum
495 2374 726 2428 significari
760 2377 802 2415 in
835 2376 986 2429 prima,
1022 2377 1064 2416 in
1094 2376 1232 2417 altera
1265 2376 1320 2416 ad
1352 2376 1588 2417 absurdum
1621 2377 1694 2417 ali-

207 2450 311 2503 quid
337 2451 519 2491 duceris.
550 2450 680 2504 Quod
707 2452 1004 2493 Mommsenus
1022 2453 1287 2494 intellexisse
1304 2453 1498 2495 videtur!
1519 2454 1694 2495 Etenim

208 2541 261 2568 ne
288 2542 420 2568 unum
452 2529 628 2582 quidem
661 2530 843 2570 verbum
875 2530 1102 2571 annotavit
1133 2531 1187 2570 de
1219 2529 1355 2571 altera
1387 2530 1470 2571 hac
1501 2530 1693 2584 stropha.

210 2604 495 2657 Lepidissime
542 2606 688 2659 itaque
735 2607 1017 2647 Karstenius:
1068 2606 1333 2656 „secundum
1381 2607 1488 2657 illos,
1538 2607 1696 2649 milites

209 2688 309 2722 sunt
350 2689 392 2722 et
429 2683 696 2723 centuriones
726 2684 799 2737 qui
832 2689 1054 2737 ‘spernant
1086 2683 1267 2724 humum
1300 2683 1492 2737 fugiente
1524 2687 1694 2738 penna',

264 2848 295 2888 1)
321 2845 377 2881 Cf.
404 2847 453 2881 l.l.
479 2857 561 2891 pag.
595 2857 670 2891 134.
