<?xml version="1.0" encoding="UTF-8"?>
<!DOCTYPE html PUBLIC "-//W3C//DTD XHTML 1.0 Transitional//EN"
    "http://www.w3.org/TR/xhtml1/DTD/xhtml1-transitional.dtd">
<html xmlns="http://www.w3.org/1999/xhtml" xml:lang="en" lang="en">
 <head>
  <title>
</title>
<meta http-equiv="Content-Type" content="text/html;charset=utf-8" />
  <meta name='ocr-system' content='tesseract 3.04.00' />
  <meta name='ocr-capabilities' content='ocr_page ocr_carea ocr_par ocr_line ocrx_word'/>
</head>
<body>
  <div class='ocr_page' id='page_1' title='image "./disputatiocritic00slijuoft_0162.png"; bbox 0 0 1955 3157; ppageno 0'>
   <div class='ocr_carea' id='block_1_1' title="bbox 969 243 1050 285">
    <p class='ocr_par' dir='ltr' id='par_1_1' title="bbox 969 243 1050 285">
     <span class='ocr_line' id='line_1_1' title="bbox 969 243 1050 285; baseline 0.012 -11"><span class='ocrx_word' id='word_1_1' title='bbox 969 243 1050 285; x_wconf 84' lang='lat'><strong>150</strong></span> 
     </span>
    </p>
   </div>
   <div class='ocr_carea' id='block_1_2' title="bbox 258 361 1764 2347">
    <p class='ocr_par' dir='ltr' id='par_1_2' title="bbox 258 361 1764 2347">
     <span class='ocr_line' id='line_1_2' title="bbox 258 361 1754 421; baseline -0.004 -13"><span class='ocrx_word' id='word_1_2' title='bbox 258 367 357 408; x_wconf 94' lang='lat' dir='ltr'><strong>loco</strong></span> <span class='ocrx_word' id='word_1_3' title='bbox 405 380 536 421; x_wconf 89' lang='lat' dir='ltr'><strong>quem</strong></span> <span class='ocrx_word' id='word_1_4' title='bbox 584 379 717 419; x_wconf 87' lang='lat' dir='ltr'><strong>supra</strong></span> <span class='ocrx_word' id='word_1_5' title='bbox 759 364 1034 406; x_wconf 88' lang='lat' dir='ltr'><strong>laudavimus</strong></span> <span class='ocrx_word' id='word_1_6' title='bbox 1052 363 1097 416; x_wconf 91' lang='lat'><strong>1).</strong></span> <span class='ocrx_word' id='word_1_7' title='bbox 1142 361 1521 404; x_wconf 87' lang='lat' dir='ltr'><strong>Domaszewskius</strong></span> <span class='ocrx_word' id='word_1_8' title='bbox 1540 362 1571 416; x_wconf 70' lang='grc'><strong>2)</strong></span> <span class='ocrx_word' id='word_1_9' title='bbox 1613 368 1657 403; x_wconf 89' lang='lat' dir='ltr'><strong>et</strong></span> <span class='ocrx_word' id='word_1_10' title='bbox 1688 361 1754 402; x_wconf 91' lang='lat' dir='ltr'><strong>his</strong></span> 
     </span>
     <span class='ocr_line' id='line_1_3' title="bbox 260 438 1754 496; baseline -0.005 -11"><span class='ocrx_word' id='word_1_11' title='bbox 260 444 366 485; x_wconf 88' lang='lat' dir='ltr'><strong>locis</strong></span> <span class='ocrx_word' id='word_1_12' title='bbox 398 457 500 485; x_wconf 89' lang='lat' dir='ltr'><strong>usus</strong></span> <span class='ocrx_word' id='word_1_13' title='bbox 533 449 612 496; x_wconf 87' lang='lat' dir='ltr'><strong>est,</strong></span> <span class='ocrx_word' id='word_1_14' title='bbox 644 448 689 483; x_wconf 90' lang='lat' dir='ltr'><strong>et</strong></span> <span class='ocrx_word' id='word_1_15' title='bbox 719 442 805 483; x_wconf 89' lang='lat' dir='ltr'><strong>alio</strong></span> <span class='ocrx_word' id='word_1_16' title='bbox 838 441 1048 490; x_wconf 84' lang='lat' dir='ltr'><strong>Suetonii,</strong></span> <span class='ocrx_word' id='word_1_17' title='bbox 1083 454 1172 495; x_wconf 89' lang='lat' dir='ltr'><strong>quo</strong></span> <span class='ocrx_word' id='word_1_18' title='bbox 1199 439 1402 481; x_wconf 88' lang='lat' dir='ltr'><strong>ostendat</strong></span> <span class='ocrx_word' id='word_1_19' title='bbox 1430 439 1485 479; x_wconf 89' lang='lat' dir='ltr'><strong>ad</strong></span> <span class='ocrx_word' id='word_1_20' title='bbox 1503 438 1754 493; x_wconf 87' lang='lat' dir='ltr'><strong>Augustum</strong></span> 
     </span>
     <span class='ocr_line' id='line_1_4' title="bbox 261 515 1754 576; baseline -0.005 -13"><span class='ocrx_word' id='word_1_21' title='bbox 261 522 479 576; x_wconf 89' lang='lat' dir='ltr'><strong>pertinere</strong></span> <span class='ocrx_word' id='word_1_22' title='bbox 507 534 666 575; x_wconf 88' lang='lat' dir='ltr'><strong>poema</strong></span> <span class='ocrx_word' id='word_1_23' title='bbox 695 519 881 560; x_wconf 80' lang='lat' dir='ltr'>Horatii.</span> <span class='ocrx_word' id='word_1_24' title='bbox 905 518 1069 559; x_wconf 83' lang='lat' dir='ltr'><strong>Narrat</strong></span> <span class='ocrx_word' id='word_1_25' title='bbox 1086 518 1203 558; x_wconf 92' lang='lat' dir='ltr'><strong>enim</strong></span> <span class='ocrx_word' id='word_1_26' title='bbox 1219 517 1501 558; x_wconf 83' lang='lat' dir='ltr'><strong>historiarum</strong></span> <span class='ocrx_word' id='word_1_27' title='bbox 1519 516 1706 569; x_wconf 85' lang='lat' dir='ltr'><strong>scriptor</strong></span> <span class='ocrx_word' id='word_1_28' title='bbox 1723 515 1754 568; x_wconf 87' lang='lat'><strong>3)</strong></span> 
     </span>
     <span class='ocr_line' id='line_1_5' title="bbox 263 593 1757 649; baseline -0.005 -9"><span class='ocrx_word' id='word_1_29' title='bbox 263 599 423 649; x_wconf 88' lang='lat' dir='ltr'><strong>„libros</strong></span> <span class='ocrx_word' id='word_1_30' title='bbox 450 603 569 639; x_wconf 89' lang='lat' dir='ltr'><strong>totos</strong></span> <span class='ocrx_word' id='word_1_31' title='bbox 596 604 639 638; x_wconf 91' lang='lat' dir='ltr'><strong>et</strong></span> <span class='ocrx_word' id='word_1_32' title='bbox 668 597 837 637; x_wconf 87' lang='lat' dir='ltr'><strong>senatui</strong></span> <span class='ocrx_word' id='word_1_33' title='bbox 867 595 1066 636; x_wconf 88' lang='lat' dir='ltr'><strong>recitavit</strong></span> <span class='ocrx_word' id='word_1_34' title='bbox 1084 600 1129 636; x_wconf 95' lang='lat' dir='ltr'><strong>et</strong></span> <span class='ocrx_word' id='word_1_35' title='bbox 1145 594 1309 649; x_wconf 94' lang='lat' dir='ltr'><strong>populo</strong></span> <span class='ocrx_word' id='word_1_36' title='bbox 1326 600 1453 635; x_wconf 92' lang='lat' dir='ltr'><strong>notos</strong></span> <span class='ocrx_word' id='word_1_37' title='bbox 1471 606 1548 646; x_wconf 93' lang='lat' dir='ltr'><strong>per</strong></span> <span class='ocrx_word' id='word_1_38' title='bbox 1564 593 1757 634; x_wconf 88' lang='lat' dir='ltr'><strong>edictum</strong></span> 
     </span>
     <span class='ocr_line' id='line_1_6' title="bbox 261 668 1757 726; baseline -0.005 -9"><span class='ocrx_word' id='word_1_39' title='bbox 261 676 375 718; x_wconf 89' lang='lat' dir='ltr'><strong>fecit.</strong></span> <span class='ocrx_word' id='word_1_40' title='bbox 422 682 470 717; x_wconf 92' lang='lat' dir='ltr'><strong>ut</strong></span> <span class='ocrx_word' id='word_1_41' title='bbox 512 675 736 716; x_wconf 87' lang='lat' dir='ltr'><strong>orationes</strong></span> <span class='ocrx_word' id='word_1_42' title='bbox 768 672 821 726; x_wconf 81' lang='lat' dir='ltr'><strong>Q.</strong></span> <span class='ocrx_word' id='word_1_43' title='bbox 856 671 1021 714; x_wconf 83' lang='lat' dir='ltr'><strong>Metelli</strong></span> <span class='ocrx_word' id='word_1_44' title='bbox 1054 672 1108 713; x_wconf 91' lang='lat' dir='ltr'><strong>de</strong></span> <span class='ocrx_word' id='word_1_45' title='bbox 1141 672 1263 726; x_wconf 92' lang='lat' dir='ltr'><strong>prole</strong></span> <span class='ocrx_word' id='word_1_46' title='bbox 1294 670 1497 724; x_wconf 85' lang='lat' dir='ltr'><strong>augenda</strong></span> <span class='ocrx_word' id='word_1_47' title='bbox 1529 675 1574 711; x_wconf 91' lang='lat' dir='ltr'><strong>et</strong></span> <span class='ocrx_word' id='word_1_48' title='bbox 1605 668 1757 710; x_wconf 88' lang='lat' dir='ltr'><strong>Rutilii</strong></span> 
     </span>
     <span class='ocr_line' id='line_1_7' title="bbox 262 748 1756 804; baseline -0.005 -10"><span class='ocrx_word' id='word_1_49' title='bbox 262 754 318 794; x_wconf 93' lang='lat' dir='ltr'><strong>de</strong></span> <span class='ocrx_word' id='word_1_50' title='bbox 366 752 498 794; x_wconf 90' lang='lat' dir='ltr'><strong>modo</strong></span> <span class='ocrx_word' id='word_1_51' title='bbox 540 750 852 804; x_wconf 81' lang='lat' dir='ltr'><strong>aedificiorum⁷</strong></span> <span class='ocrx_word' id='word_1_52' title='bbox 897 763 985 804; x_wconf 89' lang='lat' dir='ltr'><strong>quo</strong></span> <span class='ocrx_word' id='word_1_53' title='bbox 1029 749 1170 802; x_wconf 87' lang='lat' dir='ltr'><strong>magis</strong></span> <span class='ocrx_word' id='word_1_54' title='bbox 1212 748 1494 802; x_wconf 89' lang='lat' dir='ltr'><strong>persuaderet</strong></span> <span class='ocrx_word' id='word_1_55' title='bbox 1527 752 1756 800; x_wconf 88' lang='lat' dir='ltr'><strong>utramque</strong></span> 
     </span>
     <span class='ocr_line' id='line_1_8' title="bbox 263 823 1757 881; baseline -0.004 -11"><span class='ocrx_word' id='word_1_56' title='bbox 263 843 354 870; x_wconf 88' lang='lat' dir='ltr'><strong>rem</strong></span> <span class='ocrx_word' id='word_1_57' title='bbox 402 843 489 870; x_wconf 91' lang='lat' dir='ltr'><strong>non</strong></span> <span class='ocrx_word' id='word_1_58' title='bbox 532 829 587 869; x_wconf 89' lang='lat' dir='ltr'><strong>ab</strong></span> <span class='ocrx_word' id='word_1_59' title='bbox 629 842 674 868; x_wconf 90' lang='lat' dir='ltr'><strong>se</strong></span> <span class='ocrx_word' id='word_1_60' title='bbox 716 828 903 881; x_wconf 90' lang='lat' dir='ltr'><strong>primum</strong></span> <span class='ocrx_word' id='word_1_61' title='bbox 947 827 1300 867; x_wconf 88' lang='lat' dir='ltr'><strong>animadversum</strong></span> <span class='ocrx_word' id='word_1_62' title='bbox 1342 824 1418 866; x_wconf 89' lang='lat' dir='ltr'><strong>sed</strong></span> <span class='ocrx_word' id='word_1_63' title='bbox 1450 824 1639 879; x_wconf 84' lang='lat' dir='ltr'><strong>antiquis</strong></span> <span class='ocrx_word' id='word_1_64' title='bbox 1671 823 1757 864; x_wconf 88' lang='lat' dir='ltr'><strong>iam</strong></span> 
     </span>
     <span class='ocr_line' id='line_1_9' title="bbox 263 901 1759 958; baseline -0.005 -10"><span class='ocrx_word' id='word_1_65' title='bbox 263 914 366 948; x_wconf 91' lang='lat' dir='ltr'><strong>tunc</strong></span> <span class='ocrx_word' id='word_1_66' title='bbox 396 920 525 947; x_wconf 91' lang='lat' dir='ltr'><strong>curae</strong></span> <span class='ocrx_word' id='word_1_67' title='bbox 555 906 725 947; x_wconf 87' lang='lat' dir='ltr'><strong>fuisse&#39;&#39;.</strong></span> <span class='ocrx_word' id='word_1_68' title='bbox 758 929 808 934; x_wconf 90' lang='lat'><strong>-—</strong></span> <span class='ocrx_word' id='word_1_69' title='bbox 839 904 941 944; x_wconf 92' lang='lat' dir='ltr'><strong>Non</strong></span> <span class='ocrx_word' id='word_1_70' title='bbox 959 903 1121 944; x_wconf 88' lang='lat' dir='ltr'><strong>infitior</strong></span> <span class='ocrx_word' id='word_1_71' title='bbox 1138 917 1203 954; x_wconf 88' lang='lat' dir='ltr'><strong>ea,</strong></span> <span class='ocrx_word' id='word_1_72' title='bbox 1221 917 1335 958; x_wconf 87' lang='lat' dir='ltr'><strong>quae</strong></span> <span class='ocrx_word' id='word_1_73' title='bbox 1352 902 1409 943; x_wconf 88' lang='lat' dir='ltr'><strong>ad</strong></span> <span class='ocrx_word' id='word_1_74' title='bbox 1426 902 1535 943; x_wconf 90' lang='lat' dir='ltr'><strong>haec</strong></span> <span class='ocrx_word' id='word_1_75' title='bbox 1551 901 1759 942; x_wconf 90' lang='lat' dir='ltr'><strong>verba—</strong></span> 
     </span>
     <span class='ocr_line' id='line_1_10' title="bbox 264 978 1760 1039; baseline -0.005 -13"><span class='ocrx_word' id='word_1_76' title='bbox 264 985 597 1039; x_wconf 86' lang='lat' dir='ltr'><strong>prudentissime</strong></span> <span class='ocrx_word' id='word_1_77' title='bbox 615 983 855 1024; x_wconf 84' lang='lat' dir='ltr'><strong>admodum</strong></span> <span class='ocrx_word' id='word_1_78' title='bbox 875 1006 926 1011; x_wconf 89' lang='lat'>—</span> <span class='ocrx_word' id='word_1_79' title='bbox 946 981 1175 1023; x_wconf 86' lang='lat' dir='ltr'><strong>adnotavit</strong></span> <span class='ocrx_word' id='word_1_80' title='bbox 1193 979 1572 1021; x_wconf 87' lang='lat' dir='ltr'><strong>Domaszewskius</strong></span> <span class='ocrx_word' id='word_1_81' title='bbox 1589 992 1597 1020; x_wconf 93' lang='lat'><strong>:</strong></span> <span class='ocrx_word' id='word_1_82' title='bbox 1619 978 1760 1028; x_wconf 83' lang='lat' dir='ltr'><strong>„Man</strong></span> 
     </span>
     <span class='ocr_line' id='line_1_11' title="bbox 267 1054 1759 1112; baseline -0.005 -10"><span class='ocrx_word' id='word_1_83' title='bbox 267 1062 386 1102; x_wconf 75' lang='lat' dir='ltr'><strong>kann</strong></span> <span class='ocrx_word' id='word_1_84' title='bbox 417 1061 673 1102; x_wconf 77' lang='lat' dir='ltr'><strong>vermutlzen</strong></span> <span class='ocrx_word' id='word_1_85' title='bbox 691 1060 738 1112; x_wconf 74' lang='lat'><strong>4),</strong></span> <span class='ocrx_word' id='word_1_86' title='bbox 772 1060 874 1100; x_wconf 88' lang='lat' dir='ltr'><strong>dasz</strong></span> <span class='ocrx_word' id='word_1_87' title='bbox 907 1058 1137 1111; x_wconf 83' lang='lat' dir='ltr'><strong>Augustus</strong></span> <span class='ocrx_word' id='word_1_88' title='bbox 1164 1058 1227 1099; x_wconf 89' lang='lat' dir='ltr'><strong>als</strong></span> <span class='ocrx_word' id='word_1_89' title='bbox 1255 1071 1301 1098; x_wconf 89' lang='lat' dir='ltr'><strong>er</strong></span> <span class='ocrx_word' id='word_1_90' title='bbox 1327 1057 1412 1098; x_wconf 90' lang='lat' dir='ltr'><strong>den</strong></span> <span class='ocrx_word' id='word_1_91' title='bbox 1429 1062 1574 1097; x_wconf 87' lang='lat' dir='ltr'><strong>ersten</strong></span> <span class='ocrx_word' id='word_1_92' title='bbox 1593 1054 1759 1096; x_wconf 86' lang='lat' dir='ltr'><strong>Census</strong></span> 
     </span>
     <span class='ocr_line' id='line_1_12' title="bbox 265 1132 1760 1191; baseline -0.004 -12"><span class='ocrx_word' id='word_1_93' title='bbox 265 1140 307 1179; x_wconf 91' lang='lat' dir='ltr'><strong>in</strong></span> <span class='ocrx_word' id='word_1_94' title='bbox 351 1138 451 1179; x_wconf 90' lang='lat' dir='ltr'><strong>dem</strong></span> <span class='ocrx_word' id='word_1_95' title='bbox 493 1138 625 1191; x_wconf 90' lang='lat' dir='ltr'><strong>Jahre</strong></span> <span class='ocrx_word' id='word_1_96' title='bbox 665 1138 719 1178; x_wconf 85' lang='lat'><strong>28</strong></span> <span class='ocrx_word' id='word_1_97' title='bbox 752 1151 792 1177; x_wconf 93' lang='lat' dir='ltr'><strong>v.</strong></span> <span class='ocrx_word' id='word_1_98' title='bbox 827 1135 928 1177; x_wconf 91' lang='lat' dir='ltr'><strong>Chr.</strong></span> <span class='ocrx_word' id='word_1_99' title='bbox 962 1135 1081 1185; x_wconf 91' lang='lat' dir='ltr'><strong>hielt,</strong></span> <span class='ocrx_word' id='word_1_100' title='bbox 1110 1135 1210 1189; x_wconf 90' lang='lat' dir='ltr'><strong>jene</strong></span> <span class='ocrx_word' id='word_1_101' title='bbox 1244 1135 1464 1175; x_wconf 88' lang='lat' dir='ltr'><strong>orationes</strong></span> <span class='ocrx_word' id='word_1_102' title='bbox 1497 1134 1540 1174; x_wconf 91' lang='lat' dir='ltr'><strong>in</strong></span> <span class='ocrx_word' id='word_1_103' title='bbox 1572 1132 1760 1174; x_wconf 90' lang='lat' dir='ltr'><strong>Edicten</strong></span> 
     </span>
     <span class='ocr_line' id='line_1_13' title="bbox 265 1209 1760 1264; baseline -0.005 -8"><span class='ocrx_word' id='word_1_104' title='bbox 265 1215 460 1256; x_wconf 87' lang='lat' dir='ltr'><strong>bekannt</strong></span> <span class='ocrx_word' id='word_1_105' title='bbox 491 1214 679 1255; x_wconf 90' lang='lat' dir='ltr'><strong>machte.</strong></span> <span class='ocrx_word' id='word_1_106' title='bbox 719 1214 850 1254; x_wconf 90' lang='lat' dir='ltr'><strong>Dann</strong></span> <span class='ocrx_word' id='word_1_107' title='bbox 882 1226 1027 1253; x_wconf 89' lang='lat' dir='ltr'><strong>waren</strong></span> <span class='ocrx_word' id='word_1_108' title='bbox 1059 1213 1121 1253; x_wconf 92' lang='lat' dir='ltr'><strong>sie</strong></span> <span class='ocrx_word' id='word_1_109' title='bbox 1154 1225 1229 1252; x_wconf 90' lang='lat' dir='ltr'><strong>zur</strong></span> <span class='ocrx_word' id='word_1_110' title='bbox 1261 1211 1369 1264; x_wconf 88' lang='lat' dir='ltr'><strong>Zeit,</strong></span> <span class='ocrx_word' id='word_1_111' title='bbox 1402 1224 1470 1252; x_wconf 92' lang='lat' dir='ltr'><strong>wo</strong></span> <span class='ocrx_word' id='word_1_112' title='bbox 1502 1210 1650 1251; x_wconf 87' lang='lat' dir='ltr'><strong>Horaz</strong></span> <span class='ocrx_word' id='word_1_113' title='bbox 1682 1209 1760 1250; x_wconf 89' lang='lat' dir='ltr'><strong>das</strong></span> 
     </span>
     <span class='ocr_line' id='line_1_14' title="bbox 267 1287 1760 1346; baseline -0.004 -13"><span class='ocrx_word' id='word_1_114' title='bbox 267 1291 610 1346; x_wconf 79' lang='lat' dir='ltr'><strong>Festgedicht(!)</strong></span> <span class='ocrx_word' id='word_1_115' title='bbox 642 1291 817 1332; x_wconf 89' lang='lat' dir='ltr'><strong>schrieb</strong></span> <span class='ocrx_word' id='word_1_116' title='bbox 848 1291 892 1331; x_wconf 91' lang='lat' dir='ltr'><strong>in</strong></span> <span class='ocrx_word' id='word_1_117' title='bbox 924 1290 1030 1330; x_wconf 91' lang='lat' dir='ltr'><strong>aller</strong></span> <span class='ocrx_word' id='word_1_118' title='bbox 1062 1287 1396 1330; x_wconf 79' lang='lat' dir='ltr'><strong>Gedachtniss.&#39;&#39;</strong></span> <span class='ocrx_word' id='word_1_119' title='bbox 1432 1288 1547 1338; x_wconf 92' lang='lat' dir='ltr'><strong>Non,</strong></span> <span class='ocrx_word' id='word_1_120' title='bbox 1582 1287 1760 1342; x_wconf 88' lang='lat' dir='ltr'><strong>inquam</strong></span> 
     </span>
     <span class='ocr_line' id='line_1_15' title="bbox 266 1365 1760 1421; baseline -0.004 -11"><span class='ocrx_word' id='word_1_121' title='bbox 266 1384 318 1410; x_wconf 88' lang='lat' dir='ltr'><strong>ea</strong></span> <span class='ocrx_word' id='word_1_122' title='bbox 349 1369 523 1410; x_wconf 84' lang='lat' dir='ltr'><strong>infitior.</strong></span> <span class='ocrx_word' id='word_1_123' title='bbox 558 1369 715 1409; x_wconf 92' lang='lat' dir='ltr'><strong>Denuo</strong></span> <span class='ocrx_word' id='word_1_124' title='bbox 749 1369 864 1409; x_wconf 91' lang='lat' dir='ltr'><strong>enim</strong></span> <span class='ocrx_word' id='word_1_125' title='bbox 891 1368 946 1408; x_wconf 91' lang='lat' dir='ltr'><strong>de</strong></span> <span class='ocrx_word' id='word_1_126' title='bbox 973 1367 1096 1421; x_wconf 88' lang='lat' dir='ltr'><strong>prole</strong></span> <span class='ocrx_word' id='word_1_127' title='bbox 1123 1366 1323 1420; x_wconf 85' lang='lat' dir='ltr'><strong>augenda</strong></span> <span class='ocrx_word' id='word_1_128' title='bbox 1350 1365 1491 1406; x_wconf 88' lang='lat' dir='ltr'><strong>solum</strong></span> <span class='ocrx_word' id='word_1_129' title='bbox 1518 1370 1586 1406; x_wconf 92' lang='lat' dir='ltr'><strong>est</strong></span> <span class='ocrx_word' id='word_1_130' title='bbox 1602 1377 1760 1405; x_wconf 90' lang='lat' dir='ltr'><strong>sermo.</strong></span> 
     </span>
     <span class='ocr_line' id='line_1_16' title="bbox 266 1443 1761 1501; baseline -0.003 -13"><span class='ocrx_word' id='word_1_131' title='bbox 266 1448 422 1501; x_wconf 90' lang='lat' dir='ltr'><strong>Neque</strong></span> <span class='ocrx_word' id='word_1_132' title='bbox 454 1447 496 1487; x_wconf 92' lang='lat' dir='ltr'><strong>in</strong></span> <span class='ocrx_word' id='word_1_133' title='bbox 529 1460 581 1487; x_wconf 91' lang='lat' dir='ltr'><strong>ea</strong></span> <span class='ocrx_word' id='word_1_134' title='bbox 607 1446 820 1495; x_wconf 88' lang='lat' dir='ltr'><strong>oratione,</strong></span> <span class='ocrx_word' id='word_1_135' title='bbox 848 1459 982 1500; x_wconf 85' lang='lat' dir='ltr'><strong>quam</strong></span> <span class='ocrx_word' id='word_1_136' title='bbox 1010 1444 1218 1497; x_wconf 86' lang='lat' dir='ltr'><strong>laudavit,</strong></span> <span class='ocrx_word' id='word_1_137' title='bbox 1246 1443 1423 1493; x_wconf 88' lang='lat' dir='ltr'><strong>Metelli,</strong></span> <span class='ocrx_word' id='word_1_138' title='bbox 1455 1468 1508 1473; x_wconf 90' lang='lat'>—</span> <span class='ocrx_word' id='word_1_139' title='bbox 1538 1457 1590 1484; x_wconf 88' lang='lat' dir='ltr'><strong>ea</strong></span> <span class='ocrx_word' id='word_1_140' title='bbox 1606 1443 1761 1484; x_wconf 88' lang='lat' dir='ltr'><strong>saltem</strong></span> 
     </span>
     <span class='ocr_line' id='line_1_17' title="bbox 267 1520 1761 1579; baseline -0.003 -14"><span class='ocrx_word' id='word_1_141' title='bbox 267 1531 391 1578; x_wconf 88' lang='lat' dir='ltr'><strong>parte</strong></span> <span class='ocrx_word' id='word_1_142' title='bbox 432 1538 545 1579; x_wconf 89' lang='lat' dir='ltr'><strong>quae</strong></span> <span class='ocrx_word' id='word_1_143' title='bbox 588 1530 736 1565; x_wconf 88' lang='lat' dir='ltr'><strong>exstat</strong></span> <span class='ocrx_word' id='word_1_144' title='bbox 773 1547 831 1553; x_wconf 80' lang='lat'><strong>——-</strong></span> <span class='ocrx_word' id='word_1_145' title='bbox 863 1524 918 1564; x_wconf 91' lang='lat' dir='ltr'><strong>de</strong></span> <span class='ocrx_word' id='word_1_146' title='bbox 950 1522 1035 1563; x_wconf 88' lang='lat' dir='ltr'><strong>alia</strong></span> <span class='ocrx_word' id='word_1_147' title='bbox 1067 1536 1112 1563; x_wconf 90' lang='lat' dir='ltr'><strong>re</strong></span> <span class='ocrx_word' id='word_1_148' title='bbox 1145 1523 1300 1575; x_wconf 81' lang='lat' dir='ltr'><strong>agitur.</strong></span> <span class='ocrx_word' id='word_1_149' title='bbox 1335 1522 1413 1563; x_wconf 91' lang='lat' dir='ltr'><strong>Uti</strong></span> <span class='ocrx_word' id='word_1_150' title='bbox 1444 1520 1630 1574; x_wconf 88' lang='lat' dir='ltr'><strong>legimus</strong></span> <span class='ocrx_word' id='word_1_151' title='bbox 1662 1533 1761 1560; x_wconf 89' lang='lat' dir='ltr'><strong>cum</strong></span> 
     </span>
     <span class='ocr_line' id='line_1_18' title="bbox 267 1598 1762 1655; baseline -0.003 -13"><span class='ocrx_word' id='word_1_152' title='bbox 267 1601 384 1655; x_wconf 91' lang='lat' dir='ltr'><strong>apud</strong></span> <span class='ocrx_word' id='word_1_153' title='bbox 432 1601 604 1642; x_wconf 87' lang='lat' dir='ltr'><strong>Livium</strong></span> <span class='ocrx_word' id='word_1_154' title='bbox 626 1598 680 1654; x_wconf 84' lang='lat'><strong>5):</strong></span> <span class='ocrx_word' id='word_1_155' title='bbox 731 1600 814 1654; x_wconf 79' lang='lat' dir='ltr'><strong>‚,Q.</strong></span> <span class='ocrx_word' id='word_1_156' title='bbox 863 1600 1064 1641; x_wconf 88' lang='lat' dir='ltr'><strong>Metellus</strong></span> <span class='ocrx_word' id='word_1_157' title='bbox 1111 1599 1292 1650; x_wconf 89' lang='lat' dir='ltr'><strong>censuit,</strong></span> <span class='ocrx_word' id='word_1_158' title='bbox 1341 1605 1389 1640; x_wconf 91' lang='lat' dir='ltr'><strong>ut</strong></span> <span class='ocrx_word' id='word_1_159' title='bbox 1436 1611 1587 1639; x_wconf 91' lang='lat' dir='ltr'><strong>omnes</strong></span> <span class='ocrx_word' id='word_1_160' title='bbox 1633 1610 1762 1651; x_wconf 88' lang='lat' dir='ltr'><strong>coge-</strong></span> 
     </span>
     <span class='ocr_line' id='line_1_19' title="bbox 269 1674 1764 1728; baseline -0.002 -9"><span class='ocrx_word' id='word_1_161' title='bbox 269 1686 416 1721; x_wconf 89' lang='lat' dir='ltr'><strong>rentur</strong></span> <span class='ocrx_word' id='word_1_162' title='bbox 448 1679 608 1719; x_wconf 91' lang='lat' dir='ltr'><strong>ducere</strong></span> <span class='ocrx_word' id='word_1_163' title='bbox 641 1692 812 1728; x_wconf 90' lang='lat' dir='ltr'><strong>uxores,</strong></span> <span class='ocrx_word' id='word_1_164' title='bbox 847 1678 1082 1718; x_wconf 91' lang='lat' dir='ltr'><strong>liberorum</strong></span> <span class='ocrx_word' id='word_1_165' title='bbox 1109 1677 1398 1717; x_wconf 88' lang='lat' dir='ltr'><strong>creandorum</strong></span> <span class='ocrx_word' id='word_1_166' title='bbox 1426 1688 1570 1717; x_wconf 83' lang='lat' dir='ltr'><strong>causa.</strong></span> <span class='ocrx_word' id='word_1_167' title='bbox 1600 1674 1764 1716; x_wconf 86' lang='lat' dir='ltr'><strong>Exstat</strong></span> 
     </span>
     <span class='ocr_line' id='line_1_20' title="bbox 269 1751 1762 1810; baseline -0.003 -13"><span class='ocrx_word' id='word_1_168' title='bbox 269 1756 412 1797; x_wconf 88' lang='lat' dir='ltr'><strong>oratio</strong></span> <span class='ocrx_word' id='word_1_169' title='bbox 455 1756 561 1808; x_wconf 83' lang='lat' dir='ltr'><strong>eius,</strong></span> <span class='ocrx_word' id='word_1_170' title='bbox 603 1769 735 1810; x_wconf 89' lang='lat' dir='ltr'><strong>quam</strong></span> <span class='ocrx_word' id='word_1_171' title='bbox 778 1755 1008 1808; x_wconf 83' lang='lat' dir='ltr'><strong>Augustus</strong></span> <span class='ocrx_word' id='word_1_172' title='bbox 1041 1753 1216 1807; x_wconf 87' lang='lat' dir='ltr'><strong>Caesar,</strong></span> <span class='ocrx_word' id='word_1_173' title='bbox 1252 1752 1384 1807; x_wconf 91' lang='lat' dir='ltr'><strong>[cum]</strong></span> <span class='ocrx_word' id='word_1_174' title='bbox 1417 1752 1472 1793; x_wconf 91' lang='lat' dir='ltr'><strong>de</strong></span> <span class='ocrx_word' id='word_1_175' title='bbox 1506 1751 1762 1793; x_wconf 87' lang='lat' dir='ltr'><strong>maritandis</strong></span> 
     </span>
     <span class='ocr_line' id='line_1_21' title="bbox 269 1829 1763 1887; baseline -0.003 -14"><span class='ocrx_word' id='word_1_176' title='bbox 269 1833 529 1887; x_wconf 87' lang='lat' dir='ltr'><strong>o[rdi]nibus</strong></span> <span class='ocrx_word' id='word_1_177' title='bbox 586 1838 748 1885; x_wconf 84' lang='lat' dir='ltr'><strong>ageret,</strong></span> <span class='ocrx_word' id='word_1_178' title='bbox 802 1832 922 1872; x_wconf 90' lang='lat' dir='ltr'><strong>velut</strong></span> <span class='ocrx_word' id='word_1_179' title='bbox 968 1832 1011 1872; x_wconf 93' lang='lat' dir='ltr'><strong>in</strong></span> <span class='ocrx_word' id='word_1_180' title='bbox 1057 1831 1167 1871; x_wconf 90' lang='lat' dir='ltr'><strong>haec</strong></span> <span class='ocrx_word' id='word_1_181' title='bbox 1213 1836 1416 1883; x_wconf 90' lang='lat' dir='ltr'><strong>tempora</strong></span> <span class='ocrx_word' id='word_1_182' title='bbox 1462 1829 1672 1883; x_wconf 90' lang='lat' dir='ltr'><strong>scriptam</strong></span> <span class='ocrx_word' id='word_1_183' title='bbox 1719 1829 1763 1869; x_wconf 91' lang='lat' dir='ltr'><strong>in</strong></span> 
     </span>
     <span class='ocr_line' id='line_1_22' title="bbox 270 1906 1763 1963; baseline -0.003 -12"><span class='ocrx_word' id='word_1_184' title='bbox 270 1917 423 1952; x_wconf 88' lang='lat' dir='ltr'><strong>senatu</strong></span> <span class='ocrx_word' id='word_1_185' title='bbox 466 1909 694 1951; x_wconf 89' lang='lat' dir='ltr'><strong>recitavit&#39;&#39;</strong></span> <span class='ocrx_word' id='word_1_186' title='bbox 737 1915 832 1950; x_wconf 90' lang='lat' dir='ltr'><strong>tum</strong></span> <span class='ocrx_word' id='word_1_187' title='bbox 865 1908 981 1963; x_wconf 92' lang='lat' dir='ltr'><strong>apud</strong></span> <span class='ocrx_word' id='word_1_188' title='bbox 1013 1907 1203 1950; x_wconf 90' lang='lat' dir='ltr'><strong>Gellium</strong></span> <span class='ocrx_word' id='word_1_189' title='bbox 1221 1907 1276 1961; x_wconf 75' lang='grc'><strong>6);</strong></span> <span class='ocrx_word' id='word_1_190' title='bbox 1315 1907 1592 1960; x_wconf 85' lang='lat' dir='ltr'><strong>„Legebatur</strong></span> <span class='ocrx_word' id='word_1_191' title='bbox 1623 1906 1763 1947; x_wconf 90' lang='lat' dir='ltr'><strong>oratio</strong></span> 
     </span>
     <span class='ocr_line' id='line_1_23' title="bbox 272 1982 1763 2041; baseline -0.003 -13"><span class='ocrx_word' id='word_1_192' title='bbox 272 1988 434 2029; x_wconf 90' lang='lat' dir='ltr'><strong>Metelli</strong></span> <span class='ocrx_word' id='word_1_193' title='bbox 483 1987 716 2039; x_wconf 88' lang='lat' dir='ltr'><strong>Numidici,</strong></span> <span class='ocrx_word' id='word_1_194' title='bbox 759 2000 891 2041; x_wconf 91' lang='lat' dir='ltr'><strong>quam</strong></span> <span class='ocrx_word' id='word_1_195' title='bbox 935 1986 977 2026; x_wconf 89' lang='lat' dir='ltr'><strong>in</strong></span> <span class='ocrx_word' id='word_1_196' title='bbox 1019 1999 1202 2026; x_wconf 89' lang='lat' dir='ltr'><strong>censura</strong></span> <span class='ocrx_word' id='word_1_197' title='bbox 1232 1985 1345 2025; x_wconf 87' lang='lat' dir='ltr'><strong>dixit</strong></span> <span class='ocrx_word' id='word_1_198' title='bbox 1378 1984 1434 2024; x_wconf 92' lang='lat' dir='ltr'><strong>ad</strong></span> <span class='ocrx_word' id='word_1_199' title='bbox 1467 1982 1676 2037; x_wconf 89' lang='lat' dir='ltr'><strong>populum</strong></span> <span class='ocrx_word' id='word_1_200' title='bbox 1709 1983 1763 2024; x_wconf 89' lang='lat' dir='ltr'><strong>de</strong></span> 
     </span>
     <span class='ocr_line' id='line_1_24' title="bbox 272 2060 1764 2114; baseline -0.003 -9"><span class='ocrx_word' id='word_1_201' title='bbox 272 2064 479 2106; x_wconf 89' lang='lat' dir='ltr'><strong>ducendis</strong></span> <span class='ocrx_word' id='word_1_202' title='bbox 527 2064 736 2105; x_wconf 85' lang='lat' dir='ltr'><strong>uxoribus</strong></span> <span class='ocrx_word' id='word_1_203' title='bbox 784 2076 882 2104; x_wconf 91' lang='lat' dir='ltr'><strong>cum</strong></span> <span class='ocrx_word' id='word_1_204' title='bbox 930 2076 1029 2103; x_wconf 91' lang='lat' dir='ltr'><strong>eum</strong></span> <span class='ocrx_word' id='word_1_205' title='bbox 1077 2062 1133 2102; x_wconf 91' lang='lat' dir='ltr'><strong>ad</strong></span> <span class='ocrx_word' id='word_1_206' title='bbox 1175 2061 1454 2102; x_wconf 88' lang='lat' dir='ltr'><strong>matrimonia</strong></span> <span class='ocrx_word' id='word_1_207' title='bbox 1494 2060 1764 2114; x_wconf 86' lang='lat' dir='ltr'><strong>capessenda</strong></span> 
     </span>
     <span class='ocr_line' id='line_1_25' title="bbox 272 2136 1764 2192; baseline -0.003 -10"><span class='ocrx_word' id='word_1_208' title='bbox 272 2142 532 2182; x_wconf 86' lang='lat' dir='ltr'><strong>hortaretur.</strong></span> <span class='ocrx_word' id='word_1_209' title='bbox 592 2141 640 2181; x_wconf 92' lang='lat' dir='ltr'><strong>In</strong></span> <span class='ocrx_word' id='word_1_210' title='bbox 698 2154 749 2181; x_wconf 92' lang='lat' dir='ltr'><strong>ea</strong></span> <span class='ocrx_word' id='word_1_211' title='bbox 805 2140 1004 2181; x_wconf 87' lang='lat' dir='ltr'><strong>oratione</strong></span> <span class='ocrx_word' id='word_1_212' title='bbox 1060 2139 1121 2180; x_wconf 92' lang='lat' dir='ltr'><strong>ita</strong></span> <span class='ocrx_word' id='word_1_213' title='bbox 1171 2139 1382 2192; x_wconf 89' lang='lat' dir='ltr'><strong>scriptum</strong></span> <span class='ocrx_word' id='word_1_214' title='bbox 1428 2137 1530 2179; x_wconf 86' lang='lat' dir='ltr'><strong>fuit:</strong></span> <span class='ocrx_word' id='word_1_215' title='bbox 1579 2136 1626 2179; x_wconf 86' lang='lat' dir='ltr'><strong>Si</strong></span> <span class='ocrx_word' id='word_1_216' title='bbox 1671 2137 1764 2177; x_wconf 91' lang='lat' dir='ltr'><strong>sine</strong></span> 
     </span>
     <span class='ocr_line' id='line_1_26' title="bbox 274 2214 1764 2271; baseline -0.003 -12"><span class='ocrx_word' id='word_1_217' title='bbox 274 2232 412 2259; x_wconf 88' lang='lat' dir='ltr'><strong>uxore</strong></span> <span class='ocrx_word' id='word_1_218' title='bbox 458 2231 698 2271; x_wconf 89' lang='lat' dir='ltr'><strong>possemus,</strong></span> <span class='ocrx_word' id='word_1_219' title='bbox 748 2215 941 2269; x_wconf 77' lang='lat' dir='ltr'><strong>Quirites</strong></span> <span class='ocrx_word' id='word_1_220' title='bbox 982 2230 1090 2269; x_wconf 86' lang='lat' dir='ltr'><strong>esse,</strong></span> <span class='ocrx_word' id='word_1_221' title='bbox 1134 2229 1286 2256; x_wconf 90' lang='lat' dir='ltr'><strong>omnes</strong></span> <span class='ocrx_word' id='word_1_222' title='bbox 1328 2228 1381 2255; x_wconf 90' lang='lat' dir='ltr'><strong>ea</strong></span> <span class='ocrx_word' id='word_1_223' title='bbox 1412 2214 1613 2255; x_wconf 88' lang='lat' dir='ltr'><strong>molestia</strong></span> <span class='ocrx_word' id='word_1_224' title='bbox 1644 2227 1764 2255; x_wconf 89' lang='lat' dir='ltr'><strong>care-</strong></span> 
     </span>
     <span class='ocr_line' id='line_1_27' title="bbox 275 2291 1764 2347; baseline -0.003 -12"><span class='ocrx_word' id='word_1_225' title='bbox 275 2308 431 2345; x_wconf 78' lang='lat' dir='ltr'><strong>remu5‚</strong></span> <span class='ocrx_word' id='word_1_226' title='bbox 479 2295 583 2335; x_wconf 91' lang='lat' dir='ltr'><strong>sed.</strong></span> <span class='ocrx_word' id='word_1_227' title='bbox 606 2327 613 2335; x_wconf 95' lang='lat'><strong>.</strong></span> <span class='ocrx_word' id='word_1_228' title='bbox 635 2327 671 2335; x_wconf 90' lang='lat'><strong>..</strong></span> <span class='ocrx_word' id='word_1_229' title='bbox 706 2300 786 2335; x_wconf 88' lang='lat' dir='ltr'><strong>cet.</strong></span> <span class='ocrx_word' id='word_1_230' title='bbox 822 2293 1036 2347; x_wconf 85' lang='lat' dir='ltr'><strong>Congruit</strong></span> <span class='ocrx_word' id='word_1_231' title='bbox 1068 2299 1251 2347; x_wconf 89' lang='lat' dir='ltr'><strong>uterque</strong></span> <span class='ocrx_word' id='word_1_232' title='bbox 1283 2291 1403 2333; x_wconf 89' lang='lat' dir='ltr'><strong>locus</strong></span> <span class='ocrx_word' id='word_1_233' title='bbox 1435 2304 1535 2331; x_wconf 91' lang='lat' dir='ltr'><strong>cum</strong></span> <span class='ocrx_word' id='word_1_234' title='bbox 1568 2291 1618 2331; x_wconf 90' lang='lat' dir='ltr'><strong>iis</strong></span> <span class='ocrx_word' id='word_1_235' title='bbox 1651 2304 1764 2345; x_wconf 90' lang='lat' dir='ltr'><strong>quae</strong></span> 
     </span>
    </p>
   </div>
   <div class='ocr_carea' id='block_1_3' title="bbox 327 2457 642 2503">
    <p class='ocr_par' dir='ltr' id='par_1_3' title="bbox 327 2457 642 2503">
     <span class='ocr_line' id='line_1_28' title="bbox 327 2457 642 2503; baseline -0.003 -10"><span class='ocrx_word' id='word_1_236' title='bbox 327 2461 359 2503; x_wconf 78' lang='grc' dir='ltr'><strong>ι)</strong></span> <span class='ocrx_word' id='word_1_237' title='bbox 384 2458 441 2494; x_wconf 90' lang='lat' dir='ltr'><strong>Cf.</strong></span> <span class='ocrx_word' id='word_1_238' title='bbox 466 2459 562 2500; x_wconf 76' lang='lat' dir='ltr'><strong>Liv,</strong></span> <span class='ocrx_word' id='word_1_239' title='bbox 591 2457 642 2492; x_wconf 86' lang='lat'><strong>16.</strong></span> 
     </span>
    </p>
   </div>
   <div class='ocr_carea' id='block_1_4' title="bbox 325 2535 1395 2809">
    <p class='ocr_par' dir='ltr' id='par_1_4' title="bbox 325 2535 652 2580">
     <span class='ocr_line' id='line_1_29' title="bbox 325 2535 652 2580; baseline 0 -11"><span class='ocrx_word' id='word_1_240' title='bbox 325 2537 360 2579; x_wconf 91' lang='lat'><strong>2)</strong></span> <span class='ocrx_word' id='word_1_241' title='bbox 385 2535 435 2570; x_wconf 89' lang='grc'><strong>1.1.</strong></span> <span class='ocrx_word' id='word_1_242' title='bbox 461 2546 546 2580; x_wconf 85' lang='lat' dir='ltr'><strong>pag.</strong></span> <span class='ocrx_word' id='word_1_243' title='bbox 573 2544 652 2579; x_wconf 86' lang='lat'><strong>309.</strong></span> 
     </span>
    </p>

    <p class='ocr_par' dir='ltr' id='par_1_5' title="bbox 325 2610 1060 2655">
     <span class='ocr_line' id='line_1_30' title="bbox 325 2610 1060 2655; baseline 0 -10"><span class='ocrx_word' id='word_1_244' title='bbox 325 2614 361 2655; x_wconf 86' lang='lat'><strong>3)</strong></span> <span class='ocrx_word' id='word_1_245' title='bbox 388 2613 429 2645; x_wconf 89' lang='lat' dir='ltr'><strong>In</strong></span> <span class='ocrx_word' id='word_1_246' title='bbox 456 2612 533 2646; x_wconf 89' lang='lat' dir='ltr'><strong>vita</strong></span> <span class='ocrx_word' id='word_1_247' title='bbox 558 2611 592 2645; x_wconf 94' lang='lat' dir='ltr'><strong>d.</strong></span> <span class='ocrx_word' id='word_1_248' title='bbox 620 2612 716 2655; x_wconf 86' lang='lat' dir='ltr'><strong>Aug.</strong></span> <span class='ocrx_word' id='word_1_249' title='bbox 742 2622 773 2646; x_wconf 94' lang='lat' dir='ltr'><strong>c.</strong></span> <span class='ocrx_word' id='word_1_250' title='bbox 800 2611 856 2655; x_wconf 83' lang='lat'><strong>89.</strong></span> <span class='ocrx_word' id='word_1_251' title='bbox 1019 2610 1060 2620; x_wconf 53' lang='lat'>²</span> 
     </span>
    </p>

    <p class='ocr_par' dir='ltr' id='par_1_6' title="bbox 325 2685 1395 2809">
     <span class='ocr_line' id='line_1_31' title="bbox 325 2685 1395 2732; baseline -0.003 -10"><span class='ocrx_word' id='word_1_252' title='bbox 325 2691 362 2732; x_wconf 85' lang='lat'><strong>4)</strong></span> <span class='ocrx_word' id='word_1_253' title='bbox 387 2689 533 2722; x_wconf 83' lang='lat' dir='ltr'><strong>Litteris</strong></span> <span class='ocrx_word' id='word_1_254' title='bbox 558 2688 744 2722; x_wconf 87' lang='lat' dir='ltr'><strong>inclinatis</strong></span> <span class='ocrx_word' id='word_1_255' title='bbox 768 2687 1018 2732; x_wconf 88' lang='lat' dir='ltr'><strong>imprimenda</strong></span> <span class='ocrx_word' id='word_1_256' title='bbox 1043 2687 1136 2721; x_wconf 89' lang='lat' dir='ltr'><strong>haec</strong></span> <span class='ocrx_word' id='word_1_257' title='bbox 1161 2697 1230 2730; x_wconf 86' lang='lat' dir='ltr'><strong>ego</strong></span> <span class='ocrx_word' id='word_1_258' title='bbox 1256 2685 1395 2720; x_wconf 90' lang='lat' dir='ltr'><strong>curavi.</strong></span> 
     </span>
     <span class='ocr_line' id='line_1_32' title="bbox 328 2763 983 2809; baseline 0.002 -11"><span class='ocrx_word' id='word_1_259' title='bbox 328 2767 363 2809; x_wconf 84' lang='grc'><strong>5)</strong></span> <span class='ocrx_word' id='word_1_260' title='bbox 389 2764 444 2799; x_wconf 88' lang='lat' dir='ltr'><strong>Cf.</strong></span> <span class='ocrx_word' id='word_1_261' title='bbox 472 2764 673 2798; x_wconf 88' lang='lat' dir='ltr'><strong>Periochae</strong></span> <span class='ocrx_word' id='word_1_262' title='bbox 698 2774 742 2798; x_wconf 86' lang='lat' dir='ltr'><strong>ex</strong></span> <span class='ocrx_word' id='word_1_263' title='bbox 767 2763 863 2798; x_wconf 89' lang='lat' dir='ltr'><strong>libro</strong></span> <span class='ocrx_word' id='word_1_264' title='bbox 888 2764 983 2799; x_wconf 92' lang='lat' dir='ltr'>LIX.</span> 
     </span>
    </p>
   </div>
   <div class='ocr_carea' id='block_1_5' title="bbox 327 2840 797 2885">
    <p class='ocr_par' dir='ltr' id='par_1_7' title="bbox 327 2840 797 2885">
     <span class='ocr_line' id='line_1_33' title="bbox 327 2840 797 2885; baseline -0.002 -10"><span class='ocrx_word' id='word_1_265' title='bbox 327 2841 364 2885; x_wconf 85' lang='lat'><strong>6)</strong></span> <span class='ocrx_word' id='word_1_266' title='bbox 391 2840 446 2876; x_wconf 89' lang='lat' dir='ltr'><strong>Cf.</strong></span> <span class='ocrx_word' id='word_1_267' title='bbox 474 2842 580 2875; x_wconf 89' lang='lat' dir='ltr'><strong>Noct.</strong></span> <span class='ocrx_word' id='word_1_268' title='bbox 606 2842 683 2877; x_wconf 88' lang='lat' dir='ltr'><strong>Att.</strong></span> <span class='ocrx_word' id='word_1_269' title='bbox 710 2841 736 2880; x_wconf 83' lang='grc' dir='ltr'><strong>Ι,</strong></span> <span class='ocrx_word' id='word_1_270' title='bbox 764 2840 797 2875; x_wconf 88' lang='lat'><strong>6.</strong></span> 
     </span>
    </p>
   </div>
  </div>
 </body>
</html>
