1955 3157
930 245 976 274 1‘)

954 265 977 274 a

202 368 312 409 illius
360 368 520 422 (nonne
568 365 834 418 asinorum?)
889 364 1140 418 explicatio.
1190 364 1382 417 Ingenue
1430 376 1558 403 nemo
1605 375 1692 402 non

201 446 408 487 fatebitur
449 450 720 498 argumenta,
764 456 877 495 quae
920 442 1040 482 nilzz’l
1066 441 1185 483 dubii
1218 440 1476 493 relinquant,
1510 440 1586 480 vix
1617 444 1693 480 aut

202 537 255 564 ne
288 523 363 563 vix
395 522 571 576 quidem
605 521 747 562 afferri
781 533 974 572 unquam
1007 533 1147 573 posse.

324 647 365 688 b.
399 644 638 698 Scrz'ptorz's
666 643 890 684 sententia.

261 729 326 770 At
353 729 554 770 omnibus
571 727 794 782 perpensis
813 726 900 767 veri
922 725 1026 766 mihi
1046 725 1310 766 simillimum
1328 725 1499 766 videtur
1516 730 1691 778 poetam

201 807 393 847 carmina
439 820 516 847 sua
565 819 590 846 a
638 805 740 845 Iove
787 804 976 857 incipere
1023 803 1222 852 voluisse,
1273 808 1320 843 ut
1361 802 1475 842 clare
1516 807 1561 843 et
1602 801 1693 841 sine

202 883 460 936 ambagibus
518 882 573 923 ab
631 882 754 922 initio
802 881 992 921 eluceret
1039 880 1234 933 ipsorum
1282 879 1522 919 carminum
1568 892 1693 919 sacra

202 966 369 1001 natura.
389 959 590 1000 Laudare
608 959 828 1010 virtutem,
851 957 1071 998 celebrare
1089 957 1311 1010 pietatem,
1329 956 1509 996 deorum
1529 955 1692 996 cultum

202 1039 399 1090 suadere,
447 1037 531 1077 hoc
573 1036 670 1076 loco
712 1036 755 1076 in
797 1035 944 1076 animo
986 1034 1192 1075 habebat.
1236 1033 1357 1073 Nihil
1399 1046 1503 1073 sane
1536 1033 1693 1073 mirum

204 1114 430 1155 nonnullos
449 1114 707 1168 interpretes
719 1112 902 1166 Vergilii
921 1112 1004 1152 hoc
1022 1111 1118 1152 loco
1137 1111 1383 1151 meminisse
1401 1110 1462 1150 sic
1479 1110 1691 1151 canentis:

440 1231 522 1266 »Ab
548 1232 637 1265 Iove
663 1230 900 1276 principium,
927 1230 1068 1273 Musae,
1095 1228 1194 1262 Iovis
1221 1228 1347 1262 omnia
1372 1228 1494 1274 plena,

440 1291 507 1324 Ille
532 1290 620 1325 colit
645 1296 783 1333 terras;
808 1289 861 1323 illi
887 1299 972 1323 mea
998 1288 1165 1322 carmina
1191 1298 1302 1322 curae
1320 1288 1357 1333 ¹).

201 1406 276 1441 aut
309 1400 443 1453 ipsius
476 1398 650 1440 Horatii
683 1398 784 1439 alibi
817 1397 1118 1439 vaticinantis:

486 1515 585 1560 Quid
612 1515 715 1561 prius
740 1514 865 1549 dicam
891 1514 1008 1548 solitis
1033 1513 1198 1559 parentis

486 1575 690 1616 Laudibus,
716 1575 780 1620 qui
805 1585 864 1608 res
889 1574 1086 1608 hominum
1112 1584 1155 1607 ac
1183 1572 1352 1615 deorum,

485 1635 558 1679 Qui
584 1645 687 1669 mare
714 1645 758 1668 ac
784 1640 903 1668 terras
929 1632 1117 1677 variisque
1144 1631 1328 1666 mundum

531 1695 734 1739 Temperat
760 1693 883 1727 horis'’
902 1693 940 1736 2).

261 1797 348 1839 Sed
378 1796 514 1838 multo
542 1797 693 1850 magis,
723 1795 866 1844 credo,
896 1793 1090 1849 proderit
1112 1795 1154 1834 in
1175 1793 1433 1834 memoriam
1451 1805 1692 1844 revocasse,

203 1889 314 1928 quae
361 1875 533 1928 scripsit
580 1873 747 1914 Tullius
796 1874 856 1926 (et
898 1886 1011 1926 quae
1054 1885 1269 1925 nusquam
1312 1870 1498 1912 antehac
1542 1876 1694 1911 notata

202 1953 362 2005 inveni)
395 1952 449 1992 ad
483 1951 809 2005 explanandum
843 1950 958 1990 hunc
991 1949 1159 1989 locum:

262 2030 436 2069 Etenim
455 2053 512 2058 —
530 2028 583 2068 de
602 2027 843 2082 Republica
861 2027 915 2079 1§
934 2026 998 2078 56.
1020 2025 1166 2079 Scipio
1185 2038 1282 2065 cum
1302 2024 1452 2065 Laelio
1466 2024 1693 2077 disputans

205 2106 440 2155 „Imitabor
473 2119 593 2159 erg0,
621 2106 772 2158 inquit,
800 2104 1006 2155 Aratum,
1034 2103 1107 2156 qui
1136 2103 1305 2156 magnis
1328 2102 1383 2142 de
1402 2102 1529 2142 rebus
1547 2101 1693 2142 dicere

202 2183 447 2232 exordiens,
481 2197 506 2223 a
538 2183 640 2223 Iove
673 2181 966 2235 incipiendum
994 2179 1163 2233 putat.'’
1193 2179 1307 2219 Tum
1337 2178 1535 2219 Laelius:
1566 2177 1692 2231 „Quo

203 2261 305 2301 Iove
353 2267 429 2301 aut
470 2260 574 2312 quid
618 2259 751 2300 habet
793 2258 905 2298 illius
947 2257 1150 2297 carminis
1183 2256 1320 2296 simile
1352 2255 1461 2295 haec
1494 2254 1690 2296 oratio?''

204 2336 284 2378 Cui
332 2337 566 2390 respondet
614 2335 784 2390 Scipio:
837 2335 1055 2384 „Tantum
1105 2339 1150 2374 ut
1199 2333 1279 2373 rite
1326 2332 1383 2372 ab
1427 2345 1479 2371 eo
1522 2331 1693 2371 dicendi

202 2414 462 2467 principium
520 2426 741 2453 sumamus
798 2426 928 2465 quem
987 2424 1120 2451 unum
1178 2409 1370 2450 omnium
1428 2408 1607 2448 deorum
1654 2413 1696 2447 et

202 2490 428 2530 lzomz'nmn
476 2490 634 2544 Regem
683 2503 775 2529 esse
822 2502 974 2529 omnes
1022 2487 1221 2528 doctrina
1264 2485 1446 2539 expoliti
1490 2498 1574 2525 uno
1617 2498 1691 2524 ore

202 2565 505 2608 consentiunt’'
556 2566 699 2619 Quid?
742 2566 882 2619 inquit
924 2565 1110 2606 Laelius.
1155 2564 1212 2604 Et
1252 2563 1344 2603 ille:
1379 2561 1511 2614 „quid
1543 2574 1692 2601 censes

203 2644 282 2684 nisi
330 2643 447 2695 quod
491 2650 556 2684 est
597 2650 699 2684 ante
741 2642 917 2683 oculos?
952 2642 1051 2683 Sive
1084 2641 1193 2681 haec
1225 2639 1280 2680 ad
1314 2639 1544 2680 utilitatem
1576 2638 1692 2678 vitae

255 2768 287 2810 1)
312 2766 368 2800 Cf.
395 2766 473 2800 Ecl.
502 2767 552 2799 III
581 2777 614 2799 v.
641 2765 792 2800 60—61.

251 2845 286 2887 2)
311 2843 366 2877 Cf.
395 2844 523 2877 Carni.
551 2843 578 2876 1.
612 2852 664 2886 12,
695 2850 840 2885 13—17.
