1955 3157
890 240 942 280 28

175 386 222 413 er
254 372 417 414 Armut
448 377 602 425 tragen
634 371 752 412 kann
784 371 871 412 und
904 370 1005 411 dass
1031 383 1078 411 er
1104 370 1189 411 den
1219 369 1413 410 Feinden
1442 369 1669 411 furchtbar

175 449 295 500 wird,
329 450 384 491 ist
416 449 564 490 beides
591 448 810 502 Wirkung
837 448 956 489 einer
985 447 1211 489 Ursache’'
1232 447 1276 501 1).
1296 447 1535 500 Hucusque
1553 447 1669 488 enim

175 541 273 568 cum
321 541 374 568 eo
415 527 667 580 consenti03
710 539 861 566 verum
904 538 991 565 non
1023 538 1123 565 cum
1155 524 1312 565 eodem
1344 524 1505 565 addere
1537 524 1669 566 velim

174 604 288 645 hanc
335 617 430 645 esse
470 616 670 644 causam:
716 602 814 652 „die
846 602 980 643 Kraft
1012 602 1088 643 des
1122 602 1334 656 KorperS,
1369 601 1439 642 die
1471 606 1670 655 strenger

175 682 481 735 Kriegsdienst
511 679 737 722 verleiht.”
773 678 982 733 Corporis
1010 679 1142 720 robur
1168 685 1234 720 est
1251 678 1426 732 quidem
1445 678 1670 731 utriusque

175 760 236 800 rei
268 759 473 813 proxima
502 757 702 807 condicio,
733 770 1010 810 nequaquam
1038 763 1184 798 autem
1213 755 1365 797 ultima
1391 769 1537 805 causa,
1558 768 1669 809 quae

175 836 245 877 hic
291 836 524 890 praecipue
572 841 665 876 erat
711 834 942 876 laudanda.
993 833 1139 874 Facile
1184 833 1275 874 fieri
1318 839 1464 887 potest
1506 838 1555 874 ut
1595 833 1669 886 qui

176 914 339 955 iuvenis
386 912 634 953 exercendo
676 925 722 952 se
764 911 875 952 ludis
917 911 1204 965 gymnasticis
1235 911 1349 951 vires
1380 923 1479 951 suas
1511 910 1669 950 mirum

176 991 218 1031 in
259 990 439 1031 modum
483 989 669 1043 auxerit,
713 1001 992 1043 nequaquam
1025 994 1173 1029 tamen
1206 988 1428 1042 pauperiei
1461 993 1537 1028 aut
1569 987 1669 1028 belli

175 1069 230 1110 sit
287 1068 470 1121 patiens.
519 1066 624 1108 Sola
669 1072 817 1107 autem
862 1066 1000 1107 virtus
1047 1065 1152 1107 facit
1198 1072 1246 1107 ut
1292 1065 1388 1120 quis
1435 1065 1521 1105 iam
1568 1071 1670 1106 ante

176 1145 388 1199 proelium
435 1145 646 1198 pueritiae
688 1150 833 1185 aetate
875 1144 1094 1185 abstineat
1125 1157 1151 1184 a
1182 1142 1496 1196 voluptatibus,
1530 1142 1670 1183 molli-

173 1223 366 1277 tiemque
398 1221 560 1276 fugiat;
593 1222 654 1263 ita
686 1227 733 1262 ut
765 1227 894 1275 aptus
926 1221 1004 1262 fiat
1034 1221 1108 1275 qui
1136 1225 1291 1274 postea
1318 1220 1548 1261 occasione
1565 1220 1671 1262 data

173 1299 385 1340 sustineat
416 1299 550 1340 etiam
582 1299 882 1352 indigentiam.
916 1298 1093 1339 Etenim
1126 1311 1213 1338 non
1245 1297 1402 1339 sufficit
1433 1303 1481 1339 ut
1507 1297 1670 1351 polleat

174 1376 329 1430 aliquis
375 1376 539 1417 viribus
582 1376 783 1417 robustis.
827 1376 928 1416 Non
970 1375 1149 1430 quidem
1191 1389 1349 1429 corpus
1381 1375 1485 1426 eius,
1518 1388 1670 1416 verum

174 1454 344 1494 animus
386 1454 643 1495 succumbet
685 1479 740 1484 —
782 1454 902 1508 quod
935 1454 1074 1494 maius
1107 1459 1172 1494 est
1203 1477 1261 1483 ——
1292 1454 1326 1494 si
1361 1453 1490 1494 rebus
1522 1451 1670 1494 multis

175 1532 217 1571 in
265 1531 379 1572 bello
426 1538 608 1585 cogetur
650 1545 814 1584 carere,
856 1531 1014 1586 quibus
1057 1537 1151 1572 erat
1193 1530 1474 1572 assuefactus.
1517 1529 1669 1585 Atque

174 1609 291 1650 haud
325 1623 449 1650 secus
482 1608 821 1663 intellegendum
855 1609 968 1650 duco
1001 1608 1104 1649 illud
1138 1606 1434 1658 ,‚condiscat''.

436 1704 504 1737 »οὐ
529 1703 601 1749 γὰρ
628 1703 724 1748 ἀνὴρ
751 1701 903 1749 ἀγαθόσ
926 1704 1094 1748 γίγνεται
1120 1703 1162 1736 ἑν
1187 1700 1386 1747 πολέμῳ”.

235 1787 384 1829 Parthi
441 1787 607 1828 feroces
663 1788 769 1842 quid
822 1786 906 1828 hoc
953 1787 1051 1827 loco
1098 1786 1178 1827 sibi
1225 1784 1359 1826 velint
1406 1799 1494 1826 non
1542 1785 1670 1827 nimis

174 1864 388 1905 subtiliter
429 1865 734 1919 inquirendum
777 1878 871 1905 esse
912 1864 1193 1918 consequitur
1223 1877 1281 1903 ex
1312 1863 1362 1903 iis
1393 1877 1506 1917 quae
1538 1876 1670 1917 supra

175 1943 280 1983 dixi.
322 1943 478 1998 Neque
520 1942 604 1983 alia
640 1942 696 1982 de
728 1955 859 1983 causa
891 1942 1066 1982 nomine
1098 1941 1334 1981 indicatam
1366 1953 1459 1981 esse
1491 1946 1669 1994 gentem

176 2019 304 2069 illam,
335 2019 415 2060 nisi
442 2019 560 2074 quod
587 2019 705 2060 fama
731 2019 970 2060 ferocitatis
998 2031 1102 2072 prae
1129 2018 1284 2059 ceteris
1312 2017 1461 2071 populi
1480 2018 1669 2058 Romani

175 2097 375 2138 hostibus
417 2096 664 2138 excelleret.
711 2096 755 2138 Si
788 2097 885 2150 quis
917 2096 989 2136 hic
1021 2108 1196 2150 quoque
1229 2093 1398 2136 occulte
1432 2094 1666 2136 Horatium

175 2174 366 2228 Augusti
410 2181 556 2228 partes
598 2187 728 2227 agere
772 2173 936 2227 credat,
979 2172 1217 2213 luculenter
1250 2171 1454 2213 ostendat
1485 2171 1668 2212 velimus

175 2252 435 2293 sententiam
479 2265 618 2305 suam,
661 2257 899 2304 antequam
943 2263 1039 2290 eam
1072 2262 1319 2303 sequamur.
1353 2248 1530 2290 Etenim
1562 2249 1667 2303 quid

176 2336 346 2371 constet
379 2330 420 2369 in
453 2329 637 2370 historia
668 2328 723 2369 de
756 2327 911 2368 harum
946 2340 1089 2367 rerum
1122 2333 1252 2380 statu,
1286 2331 1440 2379 postea
1472 2325 1668 2366 dicemus

176 2407 249 2447 ubi
281 2407 335 2447 de
366 2406 557 2447 carmine
584 2405 626 2446 V
655 2405 736 2445 erit
765 2404 995 2458 agendum.
1026 2404 1152 2444 Pueri
1170 2402 1432 2456 reipublicae
1451 2402 1668 2455 regendae

177 2483 354 2524 callidas
412 2490 529 2524 artes
586 2483 703 2524 nullo
751 2483 884 2523 modo
930 2482 1254 2535 intellegebant,
1303 2485 1517 2521 noverant
1564 2492 1667 2520 vero

177 2561 341 2614 optime
393 2567 665 2615 quantopere
710 2560 893 2601 timendi
940 2565 1083 2600 essent
1130 2558 1292 2610 Parthi,
1339 2558 1412 2611 qui
1462 2555 1666 2597 Crassum

177 2643 319 2687 antea,
378 2651 515 2691 nuper
572 2637 818 2679 Antonium
876 2637 1047 2690 penitus
1105 2635 1423 2689 profligassent.
1472 2633 1666 2674 Eosdem

177 2716 350 2755 vincere
382 2715 479 2768 quis
512 2728 663 2755 eorum
695 2728 782 2755 non
814 2712 1046 2768 cupiebat?

231 2845 263 2887 1)
288 2842 344 2877 Cf.
372 2843 420 2877 l.l.
447 2854 531 2888 pag.
559 2850 613 2886 35.
