1955 3157
1023 129 1048 171 7

295 247 349 288 de
382 247 587 289 universo
619 248 859 288 carminum
892 261 1008 288 nexu
1042 248 1148 288 varii
1175 249 1296 289 varie
1323 248 1640 303 disputaverint
1657 251 1792 304 scrip-

295 330 427 375 tores,
462 325 536 378 qui
569 325 611 365 in
643 324 915 379 explicandis
947 325 1014 366 his
1046 326 1142 366 odis
1174 339 1355 380 operam
1388 333 1643 380 posuerunt.

351 402 501 457 Quare
533 403 647 443 hanc
680 403 981 457 quaestionem
1014 410 1169 457 postea
1202 410 1440 446 retractare
1472 410 1680 458 praestat.

291 534 372 586 §a
409 532 564 574 CARM.
596 534 615 574 Ι
642 543 862 575 STROPHA
895 540 951 576 2³.
982 533 1275 588 QUAERITUR
1303 543 1441 576 SITNE
1467 543 1790 576 CONECTENDA

633 620 733 653 CUM
765 621 976 662 RELIQUO
1010 621 1228 653 CARMINE
1259 621 1430 655 NECNE.

350 706 419 747 De
466 706 605 748 altera
652 707 835 761 stropha
876 708 1003 762 primi
1035 708 1238 749 carminis
1270 708 1427 749 eadem
1460 714 1526 749 est
1559 708 1786 750 dissensio.

290 784 392 825 Non
424 784 604 838 perinde
637 785 813 838 quidem
847 791 913 825 est
940 784 1162 826 sollemnis
1189 799 1239 826 ac
1257 786 1398 840 prima
1416 786 1621 840 stropha;
1639 792 1788 827 tamen

290 862 463 915 poetica
514 862 583 903 vel
631 862 932 916 metaphorica
978 863 1148 904 ratione
1195 864 1367 904 dicendi
1415 864 1559 917 primo
1607 870 1788 918 aspectu

289 939 418 993 longe
450 939 622 980 differre
655 940 827 981 videtur
858 941 915 981 ab
948 940 1029 981 illis
1061 954 1173 994 quae
1205 947 1460 995 sequuntur.

572 1034 720 1078 Regum
747 1033 1002 1068 timendorum
1028 1034 1065 1068 in
1091 1034 1263 1080 proprios
1288 1045 1431 1079 greges,

572 1094 694 1137 Reges
719 1093 756 1127 in
784 1093 884 1138 ipsos
909 1093 1108 1139 imperium
1135 1100 1190 1128 est
1218 1094 1327 1137 Iovis,

573 1151 674 1186 Clari
701 1152 888 1195 Giganteo
913 1153 1117 1198 triumpho,

574 1211 719 1246 Cuncta
746 1212 945 1257 supercilio
971 1212 1169 1247 moventis.

403 1310 443 1337 a.
478 1296 806 1337 Sententiarum
838 1297 1036 1351 cognitio.

344 1380 645 1421 Mommsenus
695 1387 738 1422 et
779 1386 882 1422 ante
925 1394 1024 1421 eum
1069 1379 1229 1434 plures,
1261 1393 1361 1421 cum
1394 1379 1561 1434 reliquo
1593 1381 1785 1421 carmine

284 1470 381 1498 eam
426 1457 743 1499 conectendam
787 1471 881 1498 esse
923 1464 1083 1507 censet,
1128 1471 1227 1498 cum
1269 1457 1451 1511 stropha
1482 1458 1580 1498 dico
1613 1464 1782 1512 quarta,

285 1548 398 1589 quae
431 1542 497 1576 est
529 1535 584 1576 de
616 1536 875 1576 necessitate
909 1560 961 1565 ——
997 1536 1198 1589 quamvis
1231 1535 1276 1575 id
1304 1535 1466 1576 diserte
1493 1549 1582 1575 non
1608 1536 1781 1578 dixerit.

342 1613 466 1654 Haec
493 1613 583 1654 fere
610 1612 745 1654 habet
772 1627 813 1654 v.
841 1612 935 1666 d.1):
967 1613 1091 1662 „Den
1121 1612 1321 1654 Glauben
1339 1626 1394 1653 an
1413 1612 1491 1653 das
1510 1612 1783 1654 unabander-

281 1690 393 1731 liche
421 1690 649 1732 Schicksal
677 1690 794 1732 stellt
821 1691 899 1731 der
917 1690 1102 1731 Dichter
1118 1704 1271 1731 voran.
1291 1690 1438 1732 Ueber
1456 1690 1526 1730 die
1545 1689 1782 1731 Menschen

281 1767 482 1810 herrscht
529 1768 606 1809 der
648 1768 812 1822 Konig,
856 1768 964 1809 uber
1006 1768 1076 1808 die
1119 1767 1296 1821 K'o'nige
1327 1768 1496 1821 Jupiter
1515 1799 1642 1809 .....
1677 1768 1782 1809 aber

282 1845 388 1886 uber
421 1845 525 1887 alles
557 1846 645 1887 und
678 1847 785 1887 uber
817 1845 900 1887 alle
932 1846 1126 1899 gebietet
1157 1845 1227 1886 die
1261 1845 1665 1899 Notwendigkeit''.

340 1922 449 1977 Quis
483 1924 662 1978 negabit
693 1923 828 1965 talem
860 1936 1038 1972 nexum,
1074 1922 1192 1975 quod
1220 1922 1275 1962 ad
1304 1923 1439 1963 verba
1466 1923 1636 1977 attinet,
1656 1922 1781 1964 facile

280 2001 453 2042 admitti
497 2001 654 2056 posse?
697 2001 1009 2055 Inquirendum
1054 2007 1200 2042 autem
1234 2006 1301 2042 est
1333 2006 1477 2041 utrum
1512 2001 1568 2041 sit
1600 2001 1643 2041 in
1676 2001 1780 2054 ipsis

280 2079 476 2120 versibus
534 2092 685 2120 necne.
734 2078 871 2119 Aliud
919 2079 1034 2119 enim
1083 2085 1148 2120 est
1194 2084 1372 2132 poetam
1421 2078 1584 2131 aliquid
1633 2078 1778 2119 dicere

252 2157 487 2210 .potuisse,
520 2157 637 2198 aliud
670 2170 769 2197 eum
803 2156 846 2197 id
879 2169 1031 2197 revera
1063 2155 1249 2196 dixisse!

341 2235 602 2276 Karstenius
634 2249 767 2289 supra
799 2233 978 2276 allatam
1010 2234 1261 2288 opinionem
1289 2234 1418 2288 plane
1447 2233 1705 2288 repudiavit,
1734 2240 1778 2276 et

279 2311 464 2354 alteram
497 2326 673 2367 quoque
704 2312 932 2366 stropham
965 2311 1021 2352 ad
1050 2311 1365 2365 praefationem
1394 2312 1655 2353 trahendam
1683 2326 1778 2353 esse

279 2389 433 2440 docet;
483 2395 616 2442 atque
662 2403 813 2431 versus
865 2389 976 2441 5—8
1026 2395 1102 2438 „ut
1149 2388 1312 2442 dogma
1358 2388 1413 2429 de
1455 2390 1618 2431 invicto
1661 2390 1776 2430 Iovis

281 2467 464 2521 imperio
498 2467 816 2522 praescriptum
848 2480 955 2516 esse,
989 2466 1137 2519 quasi:
1171 2469 1413 2520 ,,τηλαυγὲσ
1443 2465 1608 2520 ὄμμα”.

339 2544 569 2598 Opinionis
601 2558 705 2585 suae
738 2544 1048 2595 defensionem,
1082 2558 1214 2597 quam
1243 2544 1544 2584 Mommsenus
1571 2558 1651 2598 pro
1678 2543 1775 2585 loco

277 2628 322 2663 et
365 2628 565 2676 tempore
607 2636 686 2663 suo
730 2622 822 2662 iure
853 2621 1075 2670 omiserat,
1109 2621 1310 2661 adiunxit
1341 2621 1407 2661 vir
1440 2621 1609 2661 doctus.
1643 2621 1774 2661 Nullo

328 2741 362 2784 Ι)
387 2739 445 2774 Cf.
471 2739 521 2774 1.1.
548 2750 631 2785 pag.
659 2747 716 2784 25.
