1955 3157
969 163 996 203 9

291 278 475 328 Deinde,
505 279 675 319 etiamsi
695 279 948 320 conceditur
968 303 1019 308 —
1039 279 1158 333 quod
1176 285 1276 332 post
1293 279 1481 320 lucidam
1501 279 1723 322 Karstenii

232 355 569 409 explicationem
589 355 620 408 1>
662 357 903 397 concedere
939 370 1074 410 cogor
1105 380 1163 386 —
1195 356 1375 397 diversis
1406 356 1522 397 vitae
1554 362 1723 411 tempo-

231 433 349 473 ribus
377 438 553 486 poetam
581 432 635 473 de
664 434 791 474 rebus
820 433 1134 488 metaphysicis
1161 434 1280 474 varie
1298 434 1495 483 sensisse,
1515 434 1724 475 iisdemve

232 509 379 550 forsan
410 510 683 562 temporibus
715 524 795 564 pro
828 510 960 550 animi
993 510 1147 551 habitu
1175 509 1229 550 de
1257 510 1308 550 iis
1335 511 1453 551 varie
1478 511 1723 564 scripsisse;

231 585 402 627 difficile
448 592 595 628 tamen
642 601 722 628 nec
769 588 849 627 nisi
893 587 1149 641 gravissima
1191 588 1361 628 ratione
1403 586 1724 629 admittendum

231 676 325 704 esse
372 663 486 704 duco
527 677 718 718 eousque
762 664 1015 705 mutabilem
1058 677 1158 704 eum
1200 664 1344 714 fuisse,
1390 670 1436 704 ut
1468 664 1535 705 vel
1568 666 1611 705 in
1643 665 1726 706 hac

231 741 372 794 prima
404 739 490 781 oda
522 747 752 794 utramque
784 742 1028 783 doctrinam
1059 740 1267 782 traderet.

291 817 476 870 „Immo‚
519 818 680 860 obiciat
722 819 951 872 quispiam,
991 819 1139 872 immo,
1173 819 1232 858 mi
1265 818 1392 868 bone,
1427 832 1484 858 ex
1516 819 1610 873 ipsa
1642 818 1725 860 hac

232 894 529 935 doctrinarum
586 895 829 936 differentia
886 895 1125 936 rectissime
1173 895 1428 936 deducimus
1476 901 1725 949 temporum

232 972 501 1021 varietatem,
545 972 702 1026 quibus
747 973 956 1014 Horatius
994 973 1135 1026 ipsam
1167 973 1298 1013 odam
1332 979 1376 1014 et
1407 972 1520 1013 hanc
1552 973 1724 1026 praefa-

230 1049 394 1090 tionem
428 1050 728 1103 conscripsit.'’

293 1125 372 1167 Cui
419 1127 575 1168 iterum
624 1127 869 1181 respondeo
916 1127 976 1168 ita
1023 1127 1356 1181 distinguendo:
1399 1128 1610 1169 Horatius
1650 1134 1731 1168 aut

232 1217 462 1257 perperam
506 1203 713 1257 Carmini,
746 1205 864 1258 quod
897 1205 1026 1246 sciret
1058 1218 1152 1245 esse
1185 1208 1336 1255 ἄθεον,
1370 1205 1570 1246 consulto
1603 1219 1726 1258 prae-

232 1281 350 1322 misit
405 1282 522 1334 piam
580 1281 818 1323 admodum
876 1283 1193 1337 praefationem
1253 1307 1308 1312 -—-
1366 1288 1413 1324 ut
1461 1283 1728 1336 „virginibus

232 1357 492 1412 puerisque''
541 1357 686 1399 fucum
736 1359 899 1400 faceret
946 1384 1003 1389 —-
1049 1367 1130 1401 aut
1170 1373 1223 1400 ne
1255 1360 1346 1414 ipse
1379 1359 1555 1413 quidem
1579 1366 1728 1413 postea

232 1435 367 1476 sensit
399 1435 502 1488 quid
535 1435 754 1477 docuisset
786 1436 938 1478 antea!
970 1437 1170 1477 Iamvero
1198 1450 1277 1478 nec
1296 1451 1428 1478 unum
1447 1451 1526 1478 nec
1544 1438 1727 1478 alterum

231 1512 463 1554 admittere
507 1526 684 1554 necesse
727 1519 805 1556 est.
839 1514 1019 1554 Minime
1052 1515 1166 1555 enim
1200 1520 1482 1569 opponuntur
1514 1514 1583 1555 hic
1617 1515 1729 1556 inter

231 1604 278 1630 se
320 1589 569 1631 Necessitas
609 1596 651 1631 et
684 1591 861 1645 Iupiter,
896 1605 1036 1645 neque
1070 1597 1187 1632 recte
1219 1592 1304 1632 dici
1337 1605 1464 1646 posse
1498 1599 1618 1646 puto,
1654 1606 1728 1632 eos

232 1667 478 1721 comparari
536 1668 646 1709 inter
702 1682 748 1709 se
807 1669 930 1721 quasi
988 1682 1065 1722 per
1122 1669 1440 1722 gradationem,
1499 1675 1547 1710 ut
1592 1669 1730 1710 voluit

232 1745 546 1787 Mommsenus.
576 1744 662 1799 Qui
680 1745 772 1786 sine
789 1746 995 1799 opinione
1012 1746 1311 1800 praeiudicata
1328 1746 1482 1800 legerit
1501 1747 1729 1800 stropham

233 1828 457 1875 quartam:
494 1822 682 1875 „Aequa
713 1822 809 1876 lege
842 1823 1078 1864 necessitas
1106 1824 1286 1864 sortitur
1313 1824 1505 1877 insignes
1533 1830 1577 1865 et
1605 1824 1728 1878 imos⁷

233 1913 362 1939 omne
404 1913 548 1953 capax
591 1906 739 1941 movet
773 1914 880 1941 urna
913 1901 1118 1954 nomen”,
1151 1901 1189 1941 ei
1223 1915 1292 1941 me
1324 1901 1466 1942 iudice
1499 1902 1730 1955 apparebit

233 1976 287 2017 de
334 1976 406 2017 illa
452 1983 622 2018 tantum
671 1978 742 2031 agi
784 1978 1056 2026 necessitate,
1102 1992 1213 2031 quae
1246 1978 1449 2019 omnibus
1481 1978 1729 2020 hominibus

233 2054 475 2094 communis
507 2061 596 2096 est:
625 2055 862 2106 moriendi,
892 2069 1023 2108 quam
1052 2055 1144 2109 ipse
1172 2055 1383 2096 Horatius
1400 2056 1501 2096 alibi
1521 2056 1551 2108 2)
1572 2070 1730 2105 „saeva

232 2130 495 2172 necessitas''
529 2133 728 2185 vocavit;
757 2146 841 2172 non
868 2145 986 2184 vero,
1018 2132 1335 2185 significatione
1354 2133 1544 2186 quadam
1563 2133 1727 2183 latiore,

234 2208 413 2248 indicari
443 2209 602 2250 Fatum
630 2209 746 2259 illud,
777 2223 1006 2262 supremae
1025 2208 1251 2250 cuiusdam
1271 2209 1497 2250 Potentiae
1515 2211 1730 2252 sustinens

234 2299 480 2340 personam,
515 2286 582 2326 cui
615 2287 707 2340 ipse
740 2287 906 2340 Iupiter
939 2286 1157 2327 subiectus
1191 2300 1286 2327 esse
1318 2287 1590 2328 credebatur.

293 2362 445 2416 Atque
486 2364 522 2403 si
564 2364 625 2404 sic
667 2362 946 2416 intellegitur,
984 2363 1088 2416 quid
1124 2369 1259 2404 restat
1292 2364 1411 2417 impii
1445 2365 1487 2405 in
1519 2371 1614 2406 toto
1647 2364 1731 2406 hoc

234 2440 452 2481 carmine?
485 2439 615 2494 Quid,
646 2440 838 2493 inquam,
869 2441 986 2494 quod
1016 2447 1228 2492 quantum
1257 2454 1340 2494 ego
1370 2442 1513 2491 audio,
1533 2442 1730 2495 usurpari

235 2531 321 2557 non
364 2523 514 2571 posset
556 2532 581 2558 a
625 2531 903 2571 quocumque
935 2518 1147 2559 virtutum
1180 2519 1491 2572 praeceptore?
1523 2520 1732 2573 Legimus

287 2676 319 2720 1)
346 2675 403 2710 Cf.
429 2676 479 2711 1.1.
505 2687 591 2722 pag.
622 2677 696 2711 128.

286 2760 322 2802 2)
347 2759 472 2793 Carm.
499 2759 527 2800 Ι,
554 2766 611 2802 35,
640 2767 692 2801 17.
