1955 3157
983 185 1032 228 55

257 307 520 361 παράὸοζον.
551 305 687 355 „Wer
712 305 791 346 auf
806 305 990 359 richtige
1017 306 1163 347 Weise
1190 307 1401 349 draussen
1424 309 1482 349 im
1501 308 1753 351 Getummel

258 381 336 422 der
369 382 578 424 Schlacht
608 383 726 423 seine
759 383 909 424 Virtus
941 384 1124 433 erweist,
1157 384 1258 425 dem
1291 385 1469 426 inneren
1502 386 1651 427 Leben
1679 387 1755 428 des

257 457 405 500 Staats
431 460 682 513 gegenfiber
699 460 803 500 aber
820 459 889 500 die
906 460 1146 501 vornehme
1164 461 1525 516 Zuruckhaltung
1541 463 1753 516 bewahrt‚

258 536 328 576 die
369 535 469 578 dort
509 537 616 578 heut
658 551 709 577 zu
747 537 872 591 Tage
903 538 1027 591 notig
1059 538 1126 592 ist,
1160 538 1238 578 der
1269 538 1453 591 entgeht
1485 554 1609 580 wenn
1643 541 1753 581 auch

257 612 379 653 nicht
420 613 516 654 dem
572 613 672 665 Tod,
713 628 759 654 so
800 613 905 654 doch
936 614 1094 656 seinem
1137 614 1417 657 Sclzrecken.''
1451 616 1573 657 Haec
1605 623 1752 658 autem

255 703 343 744 qua
374 691 543 731 ratione
575 697 770 744 pugnent
802 705 900 732 cum
933 691 982 732 iis
1015 705 1127 746 quae
1159 692 1201 732 in
1230 691 1316 733 oda
1342 693 1483 746 prima
1508 699 1610 734 sunt
1636 693 1754 735 dicta

255 779 339 820 ego
370 781 457 808 non
489 768 719 821 perspicio.
749 768 835 809 Hic
861 769 989 818 enim,
1018 782 1148 822 super
1176 768 1366 823 „impia”
1395 776 1566 811 tantum
1584 771 1753 812 cervice

254 843 424 896 gladius
471 844 704 887 destrictus
745 846 920 899 pendet,
963 845 1020 886 ab
1061 845 1155 886 aliis
1197 859 1301 887 vero
1341 845 1444 888 licet
1485 861 1626 901 aequa
1656 847 1752 901 lege

255 922 387 963 morti
413 922 499 962 sint
525 922 722 972 subiecti,
753 923 906 964 mortis
922 928 1111 964 terrores
1129 923 1281 964 abesse
1297 923 1500 964 dicuntur
1517 924 1563 977 1).
1582 924 1751 965 Nihilo-

254 999 396 1039 minus
429 998 631 1052 perhibet
649 999 937 1054 Kreppelius:
957 1000 1048 1050 „Es
1066 999 1159 1041 fallt
1176 1000 1342 1041 schwer
1359 1015 1410 1042 zu
1427 1001 1628 1055 glauben,
1648 1001 1751 1042 dasz

253 1076 373 1116 diese
415 1076 755 1130 wirkungsvolle
797 1076 1252 1131 Gegenuberstellung
1294 1077 1414 1119 nicht
1457 1078 1751 1132 beabsichtigt

251 1154 343 1194 sein
361 1152 529 1195 sollte.'’
561 1154 659 1207 Ipse
686 1155 873 1208 scriptor
900 1155 981 1196 sibi
1010 1168 1096 1195 non
1123 1161 1404 1206 constat3est
1422 1156 1537 1196 enim
1556 1156 1598 1196 in
1616 1156 1749 1209 ipsius

252 1232 623 1272 commentatione
642 1231 697 1284 2):
733 1231 824 1281 „Es
851 1232 1024 1272 werden
1053 1232 1310 1286 diejenigen‚
1330 1232 1470 1273 denen
1489 1232 1749 1282 „destrictus

251 1309 364 1349 ensis
405 1322 536 1362 super
580 1309 717 1362 impia
759 1310 928 1350 cervice
966 1308 1154 1363 pendet''
1189 1323 1275 1350 von
1308 1310 1392 1350 den
1425 1310 1641 1351 frommen
1674 1324 1748 1364 ge-

251 1386 441 1428 sondert.
476 1385 608 1427 Auch
642 1386 790 1427 diesen
823 1386 955 1428 droht
986 1387 1064 1427 das
1091 1386 1303 1440 gezuckte
1331 1386 1541 1437 Schwert,
1570 1388 1675 1428 aber
1702 1401 1747 1428 es

250 1463 365 1503 kann
401 1463 532 1504 ihnen
567 1462 694 1504 Ruhe
728 1463 817 1504 und
851 1463 1173 1505 Seelenfrieden
1206 1464 1327 1505 nicht
1360 1463 1567 1506 rauben.''

308 1593 373 1635 At
420 1599 556 1635 restat
597 1600 645 1635 ut
686 1608 907 1648 exponam
950 1608 1186 1649 quamnam
1230 1595 1494 1636 intellexerit
1536 1595 1746 1636 Horatius

246 1671 636 1722 immortalitatem,
666 1672 771 1726 quid
798 1671 878 1712 sibi
906 1672 1021 1721 velit,
1044 1672 1158 1721 „uda
1176 1672 1247 1713 illa
1266 1671 1465 1713 humus’'.
1486 1672 1641 1713 Varias
1658 1673 1745 1713 iam

247 1749 473 1803 attigimus
504 1749 743 1803 opiniones.
778 1749 1041 1790 Luculenter
1072 1749 1266 1791 ostendit
1299 1748 1540 1790 Corrsenus
1567 1756 1744 1803 poetam

247 1826 358 1867 sicut
400 1827 442 1867 in
485 1826 660 1881 reliquis
704 1826 798 1867 odis
841 1827 1054 1867 Romanis
1095 1826 1179 1867 hoc
1213 1826 1310 1867 loco
1344 1826 1538 1868 Stoicam
1572 1827 1744 1868 tradere

246 1903 506 1944 doctrinam.
535 1903 682 1945 Plures
704 1903 850 1945 attulit
868 1907 912 1945 et
929 1903 1151 1945 Ciceronis
1174 1907 1217 1946 et
1234 1904 1418 1945 aliorum
1437 1904 1565 1954 dicta,
1585 1905 1744 1958 quibus

245 2039 363 2073 serius
384 2039 486 2074 ocius
500 2050 579 2073 sors
593 2039 737 2073 exitura
752 2045 787 2073 et
801 2051 869 2074 nos
883 2040 920 2074 in
934 2046 1129 2074 aeternum
1145 2040 1298 2074 exilium
1313 2040 1533 2085 impositura
1547 2039 1742 2075 cumbae''.

294 2118 338 2122 —
365 2099 491 2133 Carm.
519 2099 565 2142 ΙΙ,
592 2108 650 2141 14:
677 2099 846 2133 »Scilicet
868 2099 1055 2141 omnibus,
1078 2099 1307 2144 quicumque
1321 2106 1443 2133 terrae
1457 2109 1612 2133 munere
1627 2099 1741 2133 vesci-

246 2169 341 2201 mur,
364 2158 602 2202 enaviganda
626 2158 741 2203 (unda
764 2158 959 2202 Plutonis),
982 2159 1061 2193 sive
1078 2169 1187 2204 reges
1200 2159 1277 2192 sive
1292 2159 1419 2203 inopes
1432 2159 1570 2193 erimus
1584 2159 1740 2197 coloni'',

292 2237 337 2241 -—
364 2218 489 2252 Carm.
514 2218 543 2261 1,
568 2227 609 2260 4:
638 2217 808 2252 »Pallida
830 2229 932 2252 mors
955 2229 1077 2263 aequo
1092 2218 1217 2264 pulsat
1230 2218 1325 2264 pede
1332 2220 1550 2262 pauperum
1564 2218 1741 2252 tabernas

245 2288 454 2323 regumque
478 2278 635 2311 turres”.

292 2356 336 2360 —
375 2337 493 2382 Epist.
533 2337 577 2376 ΙΙ,
618 2335 723 2379 2‚178
761 2347 816 2382 sq.
858 2336 987 2371 »Metit
1025 2337 1145 2371 Orcus
1171 2336 1344 2383 grandia
1377 2347 1462 2370 cum
1486 2337 1639 2381 parvis,
1664 2348 1739 2371 non

244 2396 444 2430 exorabilis
468 2397 597 2431 aur0''.

292 2475 336 2479 —
374 2456 422 2489 Et
459 2466 506 2489 ne
545 2455 677 2489 credas
713 2466 799 2489 eum
834 2455 1012 2490 virtutem
1046 2455 1165 2490 solam
1199 2455 1404 2489 immunem
1439 2466 1518 2490 esse
1549 2455 1739 2490 docuisse:

244 2514 371 2549 Carm.
406 2515 453 2556 ΙΙ,
491 2523 550 2556 14:
589 2525 678 2548 »nec
706 2515 830 2559 pietas
861 2525 1008 2548 moram
1033 2515 1134 2559 rugis
1160 2520 1195 2549 et
1221 2514 1374 2549 instanti
1399 2521 1569 2549 senectae
1594 2514 1739 2550 adferet

243 2574 519 2619 indomitaeque
543 2573 697 2608 morti”.

295 2652 328 2695 1)
356 2650 412 2685 Cf.
453 2651 524 2685 hac
559 2651 606 2685 de
641 2662 679 2685 re
706 2651 1057 2696 Wageningenium.
1084 2652 1221 2685 Mnem.
1247 2652 1426 2694 XXXIII,
1450 2663 1535 2697 pag.
1562 2652 1630 2695 318
1659 2653 1737 2686 »De

244 2710 437 2744 Damoclis
462 2710 623 2754 gladio''.

293 2788 328 2831 2)
355 2786 410 2821 Cf.
439 2787 489 2822 l.l.
514 2798 599 2833 pag.
626 2787 680 2821 28.
