1955 3157
385 410 427 447 25

382 762 428 796 30

381 1109 424 1145 35

379 1459 426 1492 40

378 1857 422 1893 45

381 2205 425 2242 50

381 2547 422 2583 55

377 2880 424 2915 60

897 275 975 316 108

525 402 668 437 Vestris
692 403 857 437 amicum
882 402 1048 438 sontibus
1073 409 1109 438 et
1134 404 1257 439 choris

526 463 611 496 Non
636 473 697 496 me
722 462 903 508 Philippis
927 473 1037 497 versa
1061 463 1160 498 acies
1181 469 1297 506 retr0,
1346 463 1351 472 ⁴

573 523 721 556 Devota
746 533 822 555 non
847 521 1002 556 extinxit
1027 521 1152 564 arbos,

618 582 698 615 Nec
723 580 849 615 Sicula
874 581 1072 616 Palinurus
1096 581 1209 616 unda.

523 694 737 738 Utcumque
763 703 912 728 mecum
938 704 1005 727 vos
1030 693 1143 737 eritis,
1167 693 1290 728 libens

524 752 774 787 Insanientem
799 753 929 786 navita
954 753 1162 798 Bosporum

571 811 744 846 Tentabo
769 818 805 846 et
831 817 980 846 urentes
1005 822 1139 846 arenas

617 871 751 905 Litoris
775 871 920 914 Assyrii
946 871 1078 913 viator,

522 982 653 1016 Visam
679 982 878 1017 Britannos
902 982 1113 1028 hospitibus
1139 982 1237 1018 feros

522 1043 571 1076 Et
594 1041 736 1076 laetum
761 1042 898 1087 equino
923 1042 1104 1087 sanguine
1130 1043 1364 1086 Concanum,

570 1101 700 1135 Visam
725 1101 963 1146 pharetratos
989 1101 1154 1137 Gelonos

617 1161 665 1194 Et
689 1160 908 1204 Scythicum
932 1161 1135 1196 inviolatus
1161 1172 1324 1197 amnem.

521 1274 599 1307 Vos
624 1273 825 1307 Caesarem
850 1273 983 1317 altum,
1008 1273 1142 1308 militia
1167 1274 1278 1308 simul

522 1333 654 1367 Fessas
679 1333 851 1367 cohortes
876 1332 1022 1367 abdidit
1047 1333 1206 1378 oppidis,

568 1392 693 1426 Finire
718 1398 961 1437 quaerentem
986 1392 1135 1427 labores

616 1451 736 1485 Pierio
761 1452 937 1486 recreatis
961 1457 1080 1487 antro.

522 1564 598 1598 Vos
624 1564 707 1599 lene
732 1565 929 1599 consilium
955 1571 992 1600 et
1016 1565 1113 1600 datis
1138 1571 1174 1599 et
1200 1564 1289 1599 dato

521 1623 703 1658 Gaudetis
727 1624 858 1659 almae.
887 1625 1026 1659 scimus
1051 1631 1092 1659 ut
1116 1625 1251 1670 impios

567 1683 724 1718 Titanas
748 1684 1028 1729 immanemque
1053 1690 1229 1726 turmam,

615 1743 788 1778 Fulmine
813 1744 1004 1778 sustulerit
1027 1743 1182 1786 caduco,

522 1849 595 1893 Qui
619 1855 758 1884 terram
784 1849 953 1894 inertem,
979 1850 1043 1895 qui
1069 1861 1173 1884 mare
1197 1856 1383 1896 temperat

522 1909 742 1951 Ventosum,
767 1915 802 1943 et
828 1909 940 1943 urbes
965 1920 1154 1955 regnaque
1180 1909 1311 1953 tristia,

568 1968 761 2013 Divosque
785 1969 1038 2014 mortalesque
1062 1968 1194 2003 turbas

614 2027 776 2072 Imperio
802 2027 896 2072 regit
921 2038 1018 2062 unus
1042 2038 1174 2072 aequo,

519 2140 698 2184 Magnum
724 2139 788 2173 illa
813 2146 994 2174 terrorem
1019 2140 1195 2174 intulerat
1221 2140 1302 2175 Iovi

519 2198 657 2232 Fidens
682 2199 856 2233 iuventus
881 2199 1034 2233 horrida
1060 2199 1257 2242 bracchiis,

567 2257 596 2291 F
599 2264 790 2303 ratresque
816 2258 1012 2293 tendentes
1036 2269 1154 2304 opaco

615 2317 743 2351 Pelion
768 2317 989 2363 imposuisse
1014 2318 1194 2363 Olympo:

520 2421 592 2456 Sed
618 2421 708 2467 quid
734 2422 937 2468 Typhoeus
963 2429 999 2457 et
1025 2422 1173 2458 validus
1197 2423 1343 2467 Mimas,

519 2481 595 2514 Aut
620 2480 711 2525 quid
736 2481 873 2515 minaci
898 2481 1131 2526 Porphyrion
1157 2488 1269 2524 statu,

569 2539 668 2584 Quid
695 2540 863 2574 Rhoetus
888 2541 1101 2585 evulsisque
1127 2541 1267 2575 truncis

613 2598 826 2632 Enceladus
851 2599 1033 2633 iaculator
1057 2600 1193 2641 audax,

521 2706 660 2739 Contra
686 2711 881 2740 sonantem
906 2705 1070 2740 Palladis
1094 2706 1228 2751 aegida

519 2765 674 2799 Possent
699 2764 873 2798 ruentes?
898 2765 984 2799 hinc
1010 2753 1144 2799 avidu's
1168 2765 1270 2800 stetit

567 2824 771 2865 Vulcanus,
795 2824 882 2858 hinc
908 2830 1081 2858 matrona
1106 2825 1199 2858 Iuno
1225 2830 1262 2859 et

613 2884 818 2927 Nunquam
844 2883 1010 2918 humeris
1034 2884 1222 2928 positurus
1249 2894 1391 2927 arcum,
