1955 3157
977 266 1033 308 80

254 397 532 438 zusammen''
575 397 691 450 apud
729 396 930 450 antiquos
963 396 1117 436 saltem
1150 395 1384 448 scriptores
1417 395 1521 436 dum
1552 400 1744 436 tractant

255 474 435 515 fabulas.
470 474 538 515 De
571 474 782 515 industria
807 479 936 514 antea
963 473 1195 526 pressimus
1222 471 1366 512 locum
1384 472 1504 513 illum
1523 470 1743 513 Ciceronis

254 551 326 592 ubi
360 551 514 592 eadem
547 551 723 591 nomina
749 550 834 591 alio
861 549 1012 590 ordine
1038 549 1240 602 leguntur
1258 548 1288 602 1)
1318 562 1459 603 neque
1476 549 1556 590 erit
1573 548 1745 589 difficile

255 628 373 682 apud
406 629 547 682 ipsum
581 628 827 677 Horatium,
855 627 1071 680 opinionis
1099 626 1210 667 illius
1237 626 1543 667 refutationem
1560 626 1745 667 clarissi-

256 719 372 746 mam
421 706 624 746 invenire.
674 705 789 745 Nam
832 705 874 744 in
916 703 1101 756 epistula
1142 717 1274 757 quam
1316 704 1467 744 decem
1510 703 1746 745 dumtaxat

255 783 379 822 annis
412 788 512 835 post
544 795 719 822 carmen
747 781 831 821 hoc
859 780 1115 834 conscripsit
1133 781 1180 834 2),
1208 781 1362 822 eadem
1379 781 1422 821 in
1440 780 1596 822 eodem
1613 781 1745 822 orati-

255 860 350 900 onis
383 865 594 900 contextu
627 858 901 899 celebrantur
932 858 1122 898 nomina.

448 952 655 986 »Romulus
681 957 718 986 et
743 951 854 985 Liber
880 956 986 996 pater
1011 956 1047 985 et
1072 961 1158 984 cum
1186 950 1341 985 Castore
1367 951 1508 985 Pollux.

446 1011 534 1045 Post
560 1010 725 1055 ingentia
751 1012 850 1044 facta
876 1010 1032 1044 deorum
1059 1010 1096 1044 in
1122 1010 1263 1056 templa
1287 1010 1449 1056 recepti'⁷
1475 1022 1504 1045 e.
1520 1021 1556 1056 q.
1571 1021 1599 1045 S.

316 1101 493 1141 Inverso
535 1100 666 1154 igitur
708 1100 859 1141 ordine
902 1100 928 1140 ii
971 1101 1103 1141 etiam
1136 1113 1250 1142 nunc
1281 1107 1602 1151 enumerantur,
1635 1114 1747 1155 quos

256 1191 511 1219 enumera-re
528 1177 727 1219 solebant
743 1184 927 1231 veteres,
944 1177 1129 1219 obscure
1145 1184 1260 1219 tecte
1276 1177 1544 1231 significatur
1562 1177 1747 1219 Pollucis

256 1269 362 1306 ‘sors
395 1255 550 1296 minor'
567 1257 612 1306 3).

316 1332 565 1373 Reiciamus
606 1345 711 1385 ergo
748 1337 890 1373 toturn
923 1331 1006 1372 hoc
1039 1332 1275 1373 inventum.
1308 1332 1600 1374 Redeundum
1631 1333 1747 1373 enim

257 1409 342 1449 iam
385 1415 451 1450 est
491 1422 544 1449 eo
587 1409 700 1449 unde
732 1409 914 1462 digressi
946 1422 1106 1451 sumuS.
1141 1409 1380 1463 Postquam
1411 1409 1605 1462 priorum
1636 1415 1747 1450 stro-

257 1486 442 1539 pharum
468 1486 650 1527 tradidit
676 1486 1083 1539 interpretationem
1109 1487 1171 1527 sic
1197 1487 1362 1540 pergit:
1393 1485 1550 1535 „Ohne
1573 1485 1747 1527 Zweifel

257 1564 404 1604 wurde
435 1577 481 1604 es
513 1563 653 1604 dieser
684 1577 851 1617 ganzen
886 1563 1195 1618 Entwicklung
1227 1564 1285 1604 im
1313 1563 1527 1604 hochsten
1555 1563 1674 1604 Mass
1692 1576 1747 1603 an

258 1642 427 1682 innerer
459 1640 636 1682 Einheit
668 1640 824 1690 fehlen,
860 1655 984 1682 wenn
1019 1642 1095 1682 wir
1127 1641 1371 1682 annehmen
1405 1647 1613 1694 mussten‚
1645 1641 1747 1681 dass

257 1718 404 1758 Horaz
436 1718 505 1759 bei
537 1718 614 1758 der
646 1724 791 1758 ersten
825 1717 1015 1771 Strophe
1047 1718 1160 1759 noch
1193 1732 1272 1772 gar
1299 1718 1419 1760 nicht
1447 1732 1502 1759 an
1519 1717 1748 1772 Augustus

257 1795 447 1848 gedacht
475 1795 632 1836 habe.”
657 1795 750 1836 Nos
767 1809 870 1835 vero
888 1796 990 1849 quia
1009 1796 1224 1849 integram
1242 1795 1359 1836 illam
1380 1795 1745 1848 „Entwicklung”

258 1879 305 1914 ut
346 1886 371 1913 a
413 1871 653 1926 Kreppelio
692 1871 948 1913 fabricatam
981 1885 1202 1926 negamuS,
1236 1872 1319 1913 hac
1351 1873 1629 1913 conclusione
1660 1886 1748 1913 non

258 1956 469 1991 tenemur.
514 1949 629 1989 Ecce
671 1956 817 1990 autern
859 1950 1083 2003 quomodo
1125 1949 1408 1991 confirmatur
1448 1950 1607 1991 deinde
1638 1949 1748 1990 haec

258 2027 485 2067 sententia.
528 2026 578 2066 In
621 2026 760 2079 prima
802 2026 998 2079 stropha,
1041 2027 1180 2080 inquit
1213 2027 1322 2076 „soll
1354 2027 1476 2068 nicht
1508 2026 1748 2080 behauptet

259 2104 444 2156 werden,
487 2102 586 2143 dass
627 2102 732 2143 alles
775 2104 863 2144 und
899 2103 1022 2156 jedes
1065 2117 1152 2144 was
1194 2104 1294 2145 dort
1335 2110 1490 2158 gesagt
1523 2104 1579 2145 ist
1610 2104 1748 2145 direct

258 2182 364 2221 oder
420 2179 766 2221 ausschliesslich
823 2180 901 2221 auf
947 2180 1032 2221 den
1079 2180 1285 2234 Princeps
1332 2182 1526 2234 bezogen
1574 2181 1748 2221 werden

259 2265 415 2298 musse.
448 2257 501 2309 Ja
528 2256 598 2296 ich
626 2257 802 2297 mochte
828 2257 925 2297 eine
952 2270 1000 2297 so
1028 2257 1127 2298 weit
1148 2257 1347 2311 gehende
1364 2257 1600 2298 Annahme
1618 2270 1749 2310 sogar

258 2334 321 2375 als
353 2333 659 2375 ausdrucklich
691 2333 1050 2387 ausgeschlossen
1077 2334 1355 2388 bezeichnen,
1384 2334 1479 2375 weil
1508 2333 1576 2374 bei
1593 2333 1661 2374 ihr
1677 2333 1747 2374 die

259 2410 442 2451 Klimax
499 2409 1151 2464 Pollux·Hercules-Augustus,
1199 2410 1378 2452 storend
1425 2411 1468 2451 in
1515 2411 1616 2451 dem
1664 2410 1748 2451 Zu-

259 2487 576 2540 sammenhang
621 2486 857 2540 eingriffe.''
903 2486 1194 2528 Nihilominus
1235 2487 1378 2527 verbis
1420 2487 1529 2527 illis:
1576 2487 1747 2531 ‘civium

313 2615 344 2656 1)
370 2613 426 2649 Cf.
453 2625 566 2660 supra
591 2625 676 2659 pag.
705 2622 746 2659 55
774 2621 810 2649 et
835 2616 946 2650 Tusc.
974 2616 1078 2661 Disp.
1105 2616 1133 2658 Ι,
1164 2625 1215 2650 12.

309 2681 345 2722 2)
372 2678 428 2714 Cf.
454 2679 571 2725 Epist.
598 2681 645 2723 II,
675 2689 705 2724 1,
733 2688 750 2724 5
779 2691 861 2726 sqq.

309 2750 345 2792 3)
369 2749 466 2783 Vide
498 2750 630 2785 etiam:
657 2751 703 2784 H.
731 2751 863 2786 Roehl.
890 2751 987 2785 Berl.
1013 2751 1107 2786 Phil.
1133 2751 1404 2785 Wochenschr.
1434 2760 1518 2795 1911
1547 2751 1617 2786 col.
1647 2760 1747 2786 1120.

264 2809 391 2852 »Jener
415 2809 549 2852 Zyclus
573 2809 640 2843 der
666 2809 890 2853 Halbgo'tter
915 2821 989 2843 war
1009 2810 1050 2854 ja
1073 2810 1254 2853 geradezu
1275 2809 1481 2844 kanonisch
1503 2809 1594 2853 (vgl.
1608 2809 1668 2843 die
1681 2809 1748 2842 Zu-

261 2867 595 2911 sammenstellung
609 2867 667 2902 bei
684 2868 797 2910 Elter,
813 2869 849 2902 in
863 2869 930 2903 der
943 2868 1202 2913 Abhandlung
1216 2868 1308 2903 iiber
1324 2869 1536 2902 »Donarem
1549 2867 1747 2913 pateras”).
