1955 3157
943 218 993 268 85

222 347 414 400 Legetur
452 347 598 401 itaque
630 347 777 388 statim
810 352 910 400 post
943 346 1099 400 Reguli
1133 345 1309 400 longam
1342 346 1637 389 laudationem
1671 349 1712 389 in

221 424 414 464 carmine
445 425 600 478 quinto
631 437 656 464 a
684 430 815 477 poeta
847 424 1077 477 prolatam.
1112 423 1232 477 Ergo
1265 424 1323 464 nil
1356 425 1562 466 miremur
1593 426 1711 479 quod

220 507 440 542 extremas
509 501 718 542 adhibeat
764 502 876 542 vires
923 501 978 541 ad
1026 501 1288 542 eludendum
1336 501 1710 555 Porphyrionem!

220 578 375 632 Neque
402 578 542 631 magis
560 579 768 619 miremur
786 578 917 627 „dasz
935 578 1003 618 die
1021 577 1361 631 Anfangsworte
1380 579 1713 631 ausgezeichnet

218 655 297 696 auf
324 655 517 708 Regulus
551 668 707 708 passen
740 655 944 695 wurden'’
964 655 1008 708 1).

279 732 354 773 Ex
384 746 429 772 eo
462 732 551 785 {pso
583 732 699 784 quod
728 732 980 785 interpretes
1010 732 1073 772 ad
1101 746 1236 773 unum
1270 745 1415 772 omnes
1446 746 1522 773 suo
1554 733 1713 786 quique

217 809 341 850 heroi
397 809 528 850 verba
586 809 667 849 illa
725 809 836 849 mire
887 809 1112 850 convenire
1158 809 1382 860 duxerint,
1422 808 1714 862 probabiliter

210 894 445 939 possumus
485 900 636 927 eruere
681 893 993 940 argumentum
1041 885 1212 927 nullum
1255 892 1419 926 certum
1461 886 1610 927 virum
1656 886 1714 927 z'z's

216 963 455 1016 deszgrzari.

277 1040 344 1081 Ea
387 1041 501 1081 enim
543 1055 675 1095 quarn
717 1040 801 1081 alio
844 1054 1044 1082 sermone
1075 1054 1284 1082 vocamus
1319 1054 1472 1094 „passe
1505 1040 1708 1095 partout''

216 1117 292 1157 vix
325 1131 427 1157 vere
459 1118 616 1158 dicitur
650 1118 782 1158 unius
814 1118 967 1159 ianuae
999 1118 1145 1158 clavis.

276 1194 523 1236 Audiamus
556 1195 697 1235 virum
731 1195 921 1236 doctum.
954 1194 1086 1244 „Man
1114 1195 1191 1236 hat
1217 1208 1272 1235 an
1300 1195 1504 1236 Socrates
1521 1195 1711 1248 gedacht

216 1271 351 1326 (quod
379 1272 522 1312 adhuc
551 1271 692 1312 facere
719 1273 892 1313 videtur
910 1273 974 1312 vir
992 1285 1123 1325 supra
1141 1272 1342 1313 laudatus
1360 1272 1660 1313 Doerwaldius
1678 1271 1710 1326 2>

215 1349 303 1390 und
337 1349 379 1389 in
411 1349 489 1389 der
522 1349 640 1390 That
672 1363 767 1390 wen
801 1350 876 1389 wir
909 1363 988 1390 nur
1021 1349 1104 1390 den
1139 1349 1359 1390 Wortlaut
1387 1350 1465 1390 der
1493 1349 1626 1391 Stelle
1652 1375 1710 1380 —

214 1428 305 1467 Καὶ
353 1431 473 1479 ὑμῶν
519 1429 781 1468 κελευόντων
822 1433 893 1468 καὶ
935 1430 1136 1479 βοώντων
1171 1451 1229 1456 —
1261 1428 1339 1467 mit
1371 1428 1545 1478 ccivium
1578 1428 1710 1469 ardor

215 1517 351 1557 prava
408 1504 662 1545 iubentium’
720 1504 1123 1545 zusammenstellen
1170 1518 1219 1544 so
1265 1504 1409 1546 durfte
1456 1505 1547 1545 sich
1596 1505 1708 1546 wohl

215 1580 341 1621 keine
374 1581 637 1634 passendere
666 1580 1026 1635 Vergleichstelle
1058 1581 1203 1622 finden
1235 1581 1420 1622 lassen.'’

274 1657 338 1698 At
370 1659 603 1712 quominus
636 1658 841 1700 admittat
874 1659 986 1699 hanc
1019 1660 1280 1700 sententiam
1312 1660 1569 1713 prohibetur
1600 1674 1708 1700 voce

217 1735 327 1784 „hac
358 1734 494 1776 arte''.
528 1734 652 1789 Quae
685 1742 751 1777 est
779 1736 878 1785 „die
896 1736 1139 1789 practische
1158 1737 1443 1790 Tuchtigkeit
1461 1738 1528 1778 ftir
1545 1738 1707 1778 welche

215 1812 416 1854 Socrates
449 1826 529 1853 nur
561 1812 662 1853 sehr
688 1813 980 1866 uneigentlich
1008 1813 1071 1854 als
1088 1814 1318 1855 Vertreter
1334 1814 1479 1868 gelten
1498 1815 1705 1856 konnte.''

212 1890 431 1943 Regulum
486 1903 591 1930 vero
638 1890 672 1930 si
720 1897 892 1944 spectas
940 1891 1194 1932 difficultate
1241 1892 1357 1932 omni
1405 1891 1705 1932 liberaberis!!

213 1965 330 2020 Quid
377 1967 492 2008 enim
535 1967 844 2021 significaverit
887 1975 1018 2021 poeta
1059 1982 1135 2022 per
1170 1969 1356 2017 „civium
1388 1967 1545 2010 ardor''
1576 1970 1706 2010 inter-

213 2044 457 2097 pretatione
490 2058 577 2084 non
610 2045 788 2097 indiget,
823 2045 900 2085 sed
933 2045 1037 2099 quid
1070 2045 1124 2085 de
1153 2046 1428 2098 ,‚tyranno'’?
1459 2070 1510 2074 -
1532 2046 1707 2095 „Eben-

212 2127 343 2174 sogut
375 2121 453 2161 wie
485 2122 555 2161 ein
588 2122 948 2175 Barbarenkonig
982 2122 1097 2163 kann
1131 2123 1243 2163 auch
1274 2123 1352 2163 das
1381 2123 1706 2177 Karthagische

214 2198 331 2239 Volk
388 2199 429 2239 in
492 2199 632 2238 seiner
693 2198 1014 2240 Gesammtheit
1063 2200 1243 2253 Tyrann
1291 2207 1484 2253 genannt
1532 2200 1705 2241 werden

213 2276 269 2316 da
312 2289 357 2315 es
396 2275 489 2316 hier
523 2275 642 2316 nicht
673 2276 751 2316 auf
777 2276 861 2316 den
895 2277 1064 2330 Begriff
1089 2278 1164 2317 des
1196 2277 1598 2318 Alleinherrschers
1630 2291 1705 2318 an-

214 2352 428 2394 kommt.''
464 2354 556 2394 Iam
589 2354 767 2394 attende
801 2354 856 2394 ad
884 2367 936 2394 ea
969 2368 1080 2407 quae
1108 2361 1347 2408 sequuntur
1374 2379 1430 2384 —
1458 2369 1559 2395 nam
1586 2361 1705 2408 post-

212 2443 345 2484 quam
378 2431 545 2484 aliquos
577 2444 728 2471 versus
761 2431 1185 2485 quomodocumque,
1220 2431 1392 2484 Regulo
1423 2446 1502 2473 suo
1534 2446 1705 2473 accom-

213 2507 421 2557 modavit,
457 2508 498 2547 in
532 2507 716 2548 eandem
748 2508 1046 2549 difficultatem
1075 2509 1224 2549 incidit
1251 2510 1314 2550 vir
1341 2509 1495 2550 doctus
1512 2510 1554 2549 in
1573 2524 1704 2564 quam

212 2598 344 2637 supra
387 2584 674 2638 Kreppelius:
721 2585 819 2634 „die
857 2585 1011 2626 Worte
1043 2600 1199 2640 eneque
1230 2586 1410 2627 Auster'
1443 2593 1523 2628 etc.
1559 2588 1704 2628 bieten

265 2743 298 2786 1)
324 2742 380 2778 Cf.
407 2743 456 2778 1.1.
483 2754 568 2788 pag.
595 2753 674 2788 312.

262 2826 298 2869 2)
323 2825 380 2861 Cf.
407 2825 457 2860 1.1.
484 2836 569 2870 pag.
597 2825 665 2870 236
691 2826 753 2870 (8).
