1955 3157
943 241 997 283 93

231 360 496 400 mentionem
528 360 706 413 quidem
739 359 841 401 facit
875 360 1144 408 „exhaustae
1177 359 1406 401 dilectibus
1437 360 1644 401 Italiae”:
1675 359 1720 400 id

230 443 377 478 autem
424 436 547 477 bellis
593 437 790 478 civilibus
837 444 932 478 erat
973 437 1267 489 tribuendum,
1311 451 1397 477 non
1439 436 1720 477 monarchiae

231 514 477 564 institutae;
527 528 658 567 porro
704 515 777 568 qui
826 515 1015 555 universi
1057 514 1228 556 illorum
1269 520 1518 567 temporum
1552 513 1721 566 imperii

233 590 421 630 Romani
449 591 622 644 inspicit
643 591 838 632 tabulam
855 591 1116 645 descriptive
1132 591 1366 645 depictam,
1386 605 1472 631 non
1490 590 1720 639 dubitabit,

233 674 281 709 ut
312 668 482 721 opinor,
514 669 618 722 quin
651 668 779 710 fuerit
811 669 955 710 Roma
989 668 1094 718 „das
1127 668 1275 709 reehte
1308 667 1636 721 Mittelpunkt''.

293 743 417 797 Quae
474 753 717 800 sequuntur
769 747 824 787 de
872 745 1043 787 Camilli
1091 746 1302 796 oratione,
1351 760 1376 786 a
1423 746 1549 786 Livio
1596 745 1722 784 nobis

233 822 394 863 tradita
412 826 443 875 1)
480 836 593 863 nunc
625 824 838 865 mittimus
869 837 976 865 mox
1008 837 1149 877 pauca
1181 823 1235 863 de
1268 823 1317 863 iis
1350 823 1507 863 dicturi
1526 822 1572 875 2).
1607 820 1722 862 Con-

233 899 368 940 cludit
410 907 555 941 autem
598 901 663 941 vir
701 902 972 954 praeclarus:
1008 901 1184 950 „Horaz
1216 901 1296 941 wie
1329 900 1477 940 Livius
1510 898 1723 953 sprechen

234 976 295 1017 im
340 976 474 1017 Sz'nne
515 978 588 1018 des
630 992 762 1019 neuen
795 979 1037 1032 Augustus.
1072 978 1175 1019 Sein
1209 978 1456 1031 Regiment‚
1491 977 1559 1017 ein
1593 975 1724 1016 Com-

233 1055 397 1107 promis
430 1054 642 1095 zwischen
675 1056 754 1096 der
781 1056 898 1097 alten
927 1055 1147 1110 Republik
1175 1055 1263 1097 und
1281 1054 1356 1095 der
1374 1067 1513 1095 neuen
1533 1053 1724 1093 Herren—

233 1131 403 1184 gewalt,
447 1131 525 1172 hat
563 1146 611 1172 so
643 1132 891 1186 gehandelt,
927 1134 1006 1173 wie
1038 1132 1108 1173 die
1139 1132 1252 1185 Juno
1285 1132 1363 1173 des
1395 1132 1614 1182 Dichters‚
1648 1130 1724 1170 der

235 1207 442 1249 Camillus
471 1209 546 1249 des
574 1209 844 1251 Historikers
872 1224 918 1251 es
947 1210 1205 1264 verlangen:
1235 1210 1351 1251 Rom
1368 1209 1483 1250 blieb
1501 1209 1617 1248 Rom
1635 1206 1723 1248 und

234 1285 304 1326 die
336 1286 501 1339 einzige
534 1286 999 1340 Reichshauptstadt.'’
1030 1287 1153 1327 Haec
1180 1286 1724 1328 hactenus.M0mmsenus

234 1364 365 1417 igitur
395 1377 508 1418 quae
540 1364 653 1405 dixit
677 1364 812 1417 plane
843 1364 1047 1406 differunt
1078 1364 1135 1405 ab
1162 1364 1212 1404 iis
1239 1377 1351 1418 quae
1380 1362 1597 1403 dicentem
1625 1374 1724 1401 eum

234 1440 336 1482 fecit
382 1440 696 1482 Hartmannus.
746 1442 845 1482 Non
888 1442 972 1482 hoc
1005 1441 1158 1482 habuit
1191 1441 1233 1481 in
1265 1441 1412 1482 animo
1444 1440 1644 1493 princeps
1678 1444 1724 1479 ut

234 1517 382 1558 sedem
415 1531 538 1559 suam
570 1525 773 1560 mutaret.
804 1519 1082 1572 Argumenta
1109 1532 1213 1559 vero
1241 1518 1439 1559 acumine
1457 1530 1508 1558 ac
1526 1516 1725 1557 doctrina

234 1594 361 1649 plena
393 1609 534 1650 neque
565 1610 647 1650 pro
679 1596 761 1636 hac
795 1609 935 1650 neque
967 1609 1048 1650 pro
1079 1609 1157 1637 sua
1189 1595 1334 1637 attulit
1365 1594 1594 1636 sententia.

294 1673 552 1715 Karstenius
580 1674 653 1728 qui
681 1674 942 1714 Mommseni
961 1680 1109 1727 partes
1127 1674 1316 1728 suscepit
1333 1673 1478 1727 qualia
1494 1670 1724 1713 tradiderit

233 1765 347 1792 nunc
369 1751 674 1805 inquirendum
692 1757 758 1792 est
775 1750 818 1804 3).
838 1751 1030 1793 Primum
1048 1757 1114 1793 est
1130 1751 1249 1806 quod
1270 1765 1383 1800 „non
1401 1750 1569 1804 imperii
1587 1749 1724 1790 admi-

234 1829 434 1870 nistratio
481 1828 690 1870 adstricta
737 1829 819 1870 erit
866 1829 1074 1871 institutis
1116 1843 1168 1870 ac
1208 1829 1377 1882 legibus
1419 1834 1631 1881 angustae
1663 1827 1724 1867 rei

233 1905 445 1959 publicae,
479 1907 604 1947 unius
637 1920 748 1960 pene
780 1906 899 1947 urbis
930 1907 1129 1960 regimini
1163 1907 1349 1947 inventis
1381 1913 1424 1947 et
1452 1903 1724 1947 destinatis.”

233 1983 356 2024 Haec
401 1990 548 2024 autem
595 1983 770 2025 exoleta
817 1984 877 2024 rei
920 1983 1119 2037 publicae
1162 1983 1302 2024 forma
1343 1983 1444 2024 exui
1477 1996 1564 2023 non
1596 1995 1725 2036 posse

232 2061 474 2111 videbatur,
508 2061 717 2115 quamdiu
746 2061 916 2102 Romae
944 2062 1068 2102 sedes
1094 2061 1264 2114 imperii
1282 2060 1501 2102 manebat.
1521 2059 1725 2100 Alterum

233 2138 364 2192 quod,
409 2152 508 2179 cum
541 2137 737 2180 Suetonii
765 2139 834 2179 ille
866 2138 986 2179 locus
1019 2139 1224 2179 ostendat
1259 2151 1373 2187 „non
1406 2137 1526 2191 aegri
1558 2137 1726 2177 somnia

232 2215 374 2265 fuisse,
404 2216 482 2257 sed
509 2216 713 2257 callidum
736 2216 963 2257 consilium
982 2216 1119 2270 probe
1137 2214 1446 2269 pensitatum'',
1465 2237 1522 2243 —-
1539 2226 1725 2267 cumque

233 2291 453 2334 Antonius
496 2293 815 2334 Alexandriam
853 2293 1039 2335 alterum
1072 2293 1191 2334 orbis
1222 2298 1353 2346 caput
1385 2291 1635 2344 reddiderit,
1669 2314 1725 2319 -

232 2371 397 2423 optime
431 2370 522 2411 fieri
554 2372 746 2425 potuerit
780 2377 827 2412 ut
858 2371 985 2412 Ilium
1018 2384 1200 2424 regnum
1232 2369 1553 2410 transferretur.
1589 2368 1727 2408 Fama

234 2447 348 2487 enim
376 2448 568 2489 maxime
595 2455 689 2489 erat
718 2455 871 2490 notum
899 2447 1170 2502 oppidulum,
1196 2446 1400 2499 exempla
1417 2446 1610 2486 habebat
1627 2458 1726 2485 cum

233 2524 495 2578 Pergamum
543 2531 636 2567 tum
680 2525 980 2568 Antiochiam.
1026 2525 1240 2579 Regimen
1282 2524 1449 2578 imperii
1491 2529 1583 2564 tam
1616 2522 1727 2562 bene

287 2691 319 2734 ι)
344 2689 401 2724 Cf.
427 2690 474 2734 V,
501 2697 546 2735 50
570 2701 650 2735 sqq.

282 2768 319 2810 2)
343 2766 440 2801 Vide
466 2766 564 2801 infra
589 2778 674 2812 pag.
700 2776 756 2811 94.

282 2846 319 2888 3)
343 2844 400 2879 Cf.
426 2844 476 2880 1.1.
503 2855 590 2890 pag.
620 2851 682 2889 155
710 2855 791 2889 sqq.
