<?xml version="1.0" encoding="UTF-8"?>
<!DOCTYPE html PUBLIC "-//W3C//DTD XHTML 1.0 Transitional//EN"
    "http://www.w3.org/TR/xhtml1/DTD/xhtml1-transitional.dtd">
<html xmlns="http://www.w3.org/1999/xhtml" xml:lang="en" lang="en">
 <head>
  <title>
</title>
<meta http-equiv="Content-Type" content="text/html;charset=utf-8" />
  <meta name='ocr-system' content='tesseract 3.04.00' />
  <meta name='ocr-capabilities' content='ocr_page ocr_carea ocr_par ocr_line ocrx_word'/>
</head>
<body>
  <div class='ocr_page' id='page_1' title='image "./disputatiocritic00slijuoft_0185.png"; bbox 0 0 1955 3157; ppageno 0'>
   <div class='ocr_carea' id='block_1_1' title="bbox 972 239 1049 281">
    <p class='ocr_par' dir='ltr' id='par_1_1' title="bbox 972 239 1049 281">
     <span class='ocr_line' id='line_1_1' title="bbox 972 239 1049 281; baseline -0.013 0"><span class='ocrx_word' id='word_1_1' title='bbox 972 239 1049 281; x_wconf 86' lang='lat'>173</span> 
     </span>
    </p>
   </div>
   <div class='ocr_carea' id='block_1_2' title="bbox 261 307 1759 2252">
    <p class='ocr_par' dir='ltr' id='par_1_2' title="bbox 261 307 1759 2252">
     <span class='ocr_line' id='line_1_2' title="bbox 1663 307 1748 341; baseline -0.024 0"><span class='ocrx_word' id='word_1_2' title='bbox 1663 307 1748 341; x_wconf 72' lang='lat' dir='ltr'>Pag-</span> 
     </span>
     <span class='ocr_line' id='line_1_3' title="bbox 261 360 1749 415; baseline -0.003 -14"><span class='ocrx_word' id='word_1_3' title='bbox 261 360 423 402; x_wconf 87' lang='lat' dir='ltr'>CAPUT</span> <span class='ocrx_word' id='word_1_4' title='bbox 440 361 494 401; x_wconf 91' lang='lat' dir='ltr'>V.</span> <span class='ocrx_word' id='word_1_5' title='bbox 528 363 603 403; x_wconf 87' lang='lat' dir='ltr'>De</span> <span class='ocrx_word' id='word_1_6' title='bbox 634 362 869 404; x_wconf 85' lang='lat' dir='ltr'>Carmine</span> <span class='ocrx_word' id='word_1_7' title='bbox 900 362 1087 415; x_wconf 80' lang='lat' dir='ltr'>Quinto</span> <span class='ocrx_word' id='word_1_8' title='bbox 1103 389 1627 400; x_wconf 83' lang='grc'><strong>........</strong></span> <span class='ocrx_word' id='word_1_9' title='bbox 1669 368 1749 408; x_wconf 85' lang='grc'>119</span> 
     </span>
     <span class='ocr_line' id='line_1_4' title="bbox 393 436 1751 491; baseline -0.002 -13"><span class='ocrx_word' id='word_1_10' title='bbox 393 439 417 491; x_wconf 79' lang='lat'>§</span> <span class='ocrx_word' id='word_1_11' title='bbox 456 450 489 480; x_wconf 93' lang='lat'>1.</span> <span class='ocrx_word' id='word_1_12' title='bbox 524 438 592 478; x_wconf 92' lang='lat' dir='ltr'>De</span> <span class='ocrx_word' id='word_1_13' title='bbox 623 450 756 477; x_wconf 90' lang='lat' dir='ltr'>carm.</span> <span class='ocrx_word' id='word_1_14' title='bbox 790 437 846 477; x_wconf 91' lang='lat' dir='ltr'>V.</span> <span class='ocrx_word' id='word_1_15' title='bbox 879 436 1063 490; x_wconf 84' lang='lat' dir='ltr'>stropha</span> <span class='ocrx_word' id='word_1_16' title='bbox 1102 441 1141 476; x_wconf 80' lang='lat'>1³</span> <span class='ocrx_word' id='word_1_17' title='bbox 1177 467 1628 478; x_wconf 90' lang='grc'><strong>.......</strong></span> <span class='ocrx_word' id='word_1_18' title='bbox 1670 445 1751 474; x_wconf 92' lang='lat'>120</span> 
     </span>
     <span class='ocr_line' id='line_1_5' title="bbox 394 511 1633 568; baseline -0.002 -14"><span class='ocrx_word' id='word_1_19' title='bbox 394 516 418 568; x_wconf 79' lang='lat'>§</span> <span class='ocrx_word' id='word_1_20' title='bbox 452 526 489 554; x_wconf 89' lang='lat'>2.</span> <span class='ocrx_word' id='word_1_21' title='bbox 525 513 623 566; x_wconf 81' lang='lat' dir='ltr'>Qua</span> <span class='ocrx_word' id='word_1_22' title='bbox 650 514 817 554; x_wconf 87' lang='lat' dir='ltr'>ratione</span> <span class='ocrx_word' id='word_1_23' title='bbox 836 513 1068 554; x_wconf 82' lang='lat' dir='ltr'>cohaereat</span> <span class='ocrx_word' id='word_1_24' title='bbox 1086 512 1268 566; x_wconf 88' lang='lat' dir='ltr'>stropha</span> <span class='ocrx_word' id='word_1_25' title='bbox 1292 517 1331 552; x_wconf 77' lang='lat'>1³</span> <span class='ocrx_word' id='word_1_26' title='bbox 1351 525 1449 553; x_wconf 92' lang='lat' dir='ltr'>cum</span> <span class='ocrx_word' id='word_1_27' title='bbox 1468 511 1633 565; x_wconf 83' lang='lat' dir='ltr'>reliquo</span> 
     </span>
     <span class='ocr_line' id='line_1_6' title="bbox 528 591 1748 639; baseline -0.002 -8"><span class='ocrx_word' id='word_1_28' title='bbox 528 591 718 631; x_wconf 79' lang='lat' dir='ltr'>carmine</span> <span class='ocrx_word' id='word_1_29' title='bbox 734 620 1631 632; x_wconf 91' lang='grc'><strong>.............</strong></span> <span class='ocrx_word' id='word_1_30' title='bbox 1670 598 1748 639; x_wconf 95' lang='grc'>123</span> 
     </span>
     <span class='ocr_line' id='line_1_7' title="bbox 395 667 1747 721; baseline -0.004 -11"><span class='ocrx_word' id='word_1_31' title='bbox 395 669 419 721; x_wconf 58' lang='lat' dir='ltr'>S</span> <span class='ocrx_word' id='word_1_32' title='bbox 453 679 490 720; x_wconf 84' lang='lat'>3.</span> <span class='ocrx_word' id='word_1_33' title='bbox 525 667 642 721; x_wconf 79' lang='lat' dir='ltr'>Quid</span> <span class='ocrx_word' id='word_1_34' title='bbox 673 667 777 708; x_wconf 89' lang='lat' dir='ltr'>velit</span> <span class='ocrx_word' id='word_1_35' title='bbox 806 668 949 720; x_wconf 89' lang='lat' dir='ltr'>ipsum</span> <span class='ocrx_word' id='word_1_36' title='bbox 981 680 1156 708; x_wconf 89' lang='lat' dir='ltr'>carmen</span> <span class='ocrx_word' id='word_1_37' title='bbox 1176 697 1628 709; x_wconf 90' lang='lat'><strong>.......</strong></span> <span class='ocrx_word' id='word_1_38' title='bbox 1670 672 1747 715; x_wconf 88' lang='lat'>125</span> 
     </span>
     <span class='ocr_line' id='line_1_8' title="bbox 528 743 1747 797; baseline -0.002 -13"><span class='ocrx_word' id='word_1_39' title='bbox 528 759 568 784; x_wconf 88' lang='lat' dir='ltr'>a.</span> <span class='ocrx_word' id='word_1_40' title='bbox 602 744 671 784; x_wconf 88' lang='lat' dir='ltr'>De</span> <span class='ocrx_word' id='word_1_41' title='bbox 702 745 919 785; x_wconf 88' lang='lat' dir='ltr'>sententia</span> <span class='ocrx_word' id='word_1_42' title='bbox 951 743 1157 797; x_wconf 52' lang='lat' dir='ltr'>‘politica&#39;</span> <span class='ocrx_word' id='word_1_43' title='bbox 1189 757 1322 797; x_wconf 87' lang='lat' dir='ltr'>quam</span> <span class='ocrx_word' id='word_1_44' title='bbox 1354 748 1515 783; x_wconf 87' lang='lat' dir='ltr'>vocant</span> <span class='ocrx_word' id='word_1_45' title='bbox 1548 773 1558 783; x_wconf 93' lang='lat'><strong>.</strong></span> <span class='ocrx_word' id='word_1_46' title='bbox 1623 775 1631 782; x_wconf 93' lang='lat'><strong>.</strong></span> <span class='ocrx_word' id='word_1_47' title='bbox 1671 750 1747 792; x_wconf 86' lang='lat'>125</span> 
     </span>
     <span class='ocr_line' id='line_1_9' title="bbox 529 821 1752 874; baseline -0.002 -13"><span class='ocrx_word' id='word_1_48' title='bbox 529 821 565 862; x_wconf 87' lang='lat' dir='ltr'>b.</span> <span class='ocrx_word' id='word_1_49' title='bbox 604 821 672 861; x_wconf 87' lang='lat' dir='ltr'>De</span> <span class='ocrx_word' id='word_1_50' title='bbox 705 821 843 862; x_wconf 86' lang='lat' dir='ltr'>altera</span> <span class='ocrx_word' id='word_1_51' title='bbox 874 821 1078 861; x_wconf 83' lang='lat' dir='ltr'>carminis</span> <span class='ocrx_word' id='word_1_52' title='bbox 1110 827 1261 874; x_wconf 89' lang='lat' dir='ltr'>parte.</span> <span class='ocrx_word' id='word_1_53' title='bbox 1328 853 1335 860; x_wconf 96' lang='lat'><strong>.</strong></span> <span class='ocrx_word' id='word_1_54' title='bbox 1396 838 1409 862; x_wconf 72' lang='grc' dir='ltr'>ι.</span> <span class='ocrx_word' id='word_1_55' title='bbox 1475 852 1482 861; x_wconf 93' lang='grc'><strong>.</strong></span> <span class='ocrx_word' id='word_1_56' title='bbox 1548 851 1558 860; x_wconf 89' lang='grc'><em>,</em></span> <span class='ocrx_word' id='word_1_57' title='bbox 1623 850 1632 859; x_wconf 89' lang='grc'><strong>.</strong></span> <span class='ocrx_word' id='word_1_58' title='bbox 1672 829 1752 870; x_wconf 87' lang='grc'>130</span> 
     </span>
     <span class='ocr_line' id='line_1_10' title="bbox 395 895 1753 951; baseline -0.004 -11"><span class='ocrx_word' id='word_1_59' title='bbox 395 900 419 951; x_wconf 74' lang='lat'>§</span> <span class='ocrx_word' id='word_1_60' title='bbox 449 910 490 949; x_wconf 91' lang='lat'>4.</span> <span class='ocrx_word' id='word_1_61' title='bbox 525 898 759 951; x_wconf 86' lang='lat' dir='ltr'>Scriptoris</span> <span class='ocrx_word' id='word_1_62' title='bbox 791 899 1006 939; x_wconf 85' lang='lat' dir='ltr'>sententia</span> <span class='ocrx_word' id='word_1_63' title='bbox 1030 928 1631 939; x_wconf 90' lang='lat'><strong>.........</strong></span> <span class='ocrx_word' id='word_1_64' title='bbox 1673 895 1753 947; x_wconf 83' lang='lat'>136</span> 
     </span>
     <span class='ocr_line' id='line_1_11' title="bbox 527 972 1753 1028; baseline -0.002 -13"><span class='ocrx_word' id='word_1_65' title='bbox 527 989 568 1016; x_wconf 85' lang='lat' dir='ltr'>a.</span> <span class='ocrx_word' id='word_1_66' title='bbox 601 975 669 1015; x_wconf 90' lang='lat' dir='ltr'>De</span> <span class='ocrx_word' id='word_1_67' title='bbox 701 975 843 1028; x_wconf 80' lang='lat' dir='ltr'>prima</span> <span class='ocrx_word' id='word_1_68' title='bbox 875 974 1057 1028; x_wconf 83' lang='lat' dir='ltr'>stropha</span> <span class='ocrx_word' id='word_1_69' title='bbox 1105 1004 1632 1015; x_wconf 87' lang='grc'><strong>........</strong></span> <span class='ocrx_word' id='word_1_70' title='bbox 1673 972 1753 1024; x_wconf 89' lang='lat'>136</span> 
     </span>
     <span class='ocr_line' id='line_1_12' title="bbox 531 1052 1751 1104; baseline -0.002 -12"><span class='ocrx_word' id='word_1_71' title='bbox 531 1052 566 1093; x_wconf 84' lang='lat' dir='ltr'>b.</span> <span class='ocrx_word' id='word_1_72' title='bbox 605 1052 673 1092; x_wconf 93' lang='lat' dir='ltr'>De</span> <span class='ocrx_word' id='word_1_73' title='bbox 706 1052 872 1104; x_wconf 88' lang='lat' dir='ltr'>reliquo</span> <span class='ocrx_word' id='word_1_74' title='bbox 905 1052 1095 1092; x_wconf 81' lang='lat' dir='ltr'>carmine</span> <span class='ocrx_word' id='word_1_75' title='bbox 1180 1081 1633 1093; x_wconf 88' lang='lat'><strong>.......</strong></span> <span class='ocrx_word' id='word_1_76' title='bbox 1674 1058 1751 1101; x_wconf 86' lang='grc'>137</span> 
     </span>
     <span class='ocr_line' id='line_1_13' title="bbox 264 1182 1747 1229; baseline -0.003 -6"><span class='ocrx_word' id='word_1_77' title='bbox 264 1182 426 1224; x_wconf 86' lang='lat' dir='ltr'><strong>CAPUT</strong></span> <span class='ocrx_word' id='word_1_78' title='bbox 444 1183 520 1223; x_wconf 89' lang='lat' dir='ltr'>VI.</span> <span class='ocrx_word' id='word_1_79' title='bbox 554 1186 630 1227; x_wconf 89' lang='lat' dir='ltr'>De</span> <span class='ocrx_word' id='word_1_80' title='bbox 661 1186 899 1227; x_wconf 74' lang='lat' dir='ltr'>Carmine</span> <span class='ocrx_word' id='word_1_81' title='bbox 927 1185 1084 1226; x_wconf 85' lang='lat' dir='ltr'>Sexto</span> <span class='ocrx_word' id='word_1_82' title='bbox 1110 1212 1632 1222; x_wconf 88' lang='grc'><strong>........</strong></span> <span class='ocrx_word' id='word_1_83' title='bbox 1675 1190 1747 1229; x_wconf 95' lang='grc'>141</span> 
     </span>
     <span class='ocr_line' id='line_1_14' title="bbox 397 1257 1752 1313; baseline -0.004 -12"><span class='ocrx_word' id='word_1_84' title='bbox 397 1261 422 1313; x_wconf 55' lang='grc' dir='ltr'>ξ</span> <span class='ocrx_word' id='word_1_85' title='bbox 461 1272 493 1302; x_wconf 93' lang='lat'>1.</span> <span class='ocrx_word' id='word_1_86' title='bbox 528 1259 645 1313; x_wconf 76' lang='lat' dir='ltr'>Quid</span> <span class='ocrx_word' id='word_1_87' title='bbox 678 1259 922 1313; x_wconf 85' lang='lat' dir='ltr'>significent</span> <span class='ocrx_word' id='word_1_88' title='bbox 954 1259 1066 1299; x_wconf 86' lang='lat' dir='ltr'>duae</span> <span class='ocrx_word' id='word_1_89' title='bbox 1100 1259 1264 1312; x_wconf 78' lang='lat' dir='ltr'>primae</span> <span class='ocrx_word' id='word_1_90' title='bbox 1296 1257 1502 1310; x_wconf 77' lang='lat' dir='ltr'>strophae</span> <span class='ocrx_word' id='word_1_91' title='bbox 1553 1288 1560 1297; x_wconf 96' lang='lat'><strong>.</strong></span> <span class='ocrx_word' id='word_1_92' title='bbox 1626 1290 1634 1298; x_wconf 91' lang='lat'><strong>.</strong></span> <span class='ocrx_word' id='word_1_93' title='bbox 1675 1268 1752 1306; x_wconf 87' lang='lat'>142</span> 
     </span>
     <span class='ocr_line' id='line_1_15' title="bbox 397 1335 1637 1390; baseline -0.005 -11"><span class='ocrx_word' id='word_1_94' title='bbox 397 1338 421 1390; x_wconf 55' lang='grc' dir='ltr'>ξ</span> <span class='ocrx_word' id='word_1_95' title='bbox 455 1349 493 1379; x_wconf 91' lang='grc'>2.</span> <span class='ocrx_word' id='word_1_96' title='bbox 529 1336 840 1378; x_wconf 86' lang='lat' dir='ltr'>Celebreturne</span> <span class='ocrx_word' id='word_1_97' title='bbox 872 1336 957 1376; x_wconf 92' lang='lat' dir='ltr'>hoc</span> <span class='ocrx_word' id='word_1_98' title='bbox 984 1336 1176 1376; x_wconf 86' lang='lat' dir='ltr'>carmine</span> <span class='ocrx_word' id='word_1_99' title='bbox 1204 1335 1299 1375; x_wconf 84' lang='lat' dir='ltr'>Lex</span> <span class='ocrx_word' id='word_1_100' title='bbox 1327 1348 1459 1388; x_wconf 89' lang='lat' dir='ltr'>quam</span> <span class='ocrx_word' id='word_1_101' title='bbox 1477 1339 1637 1374; x_wconf 87' lang='lat' dir='ltr'>vocant</span> 
     </span>
     <span class='ocr_line' id='line_1_16' title="bbox 531 1413 1753 1460; baseline -0.003 -6"><span class='ocrx_word' id='word_1_102' title='bbox 531 1414 586 1454; x_wconf 92' lang='lat' dir='ltr'>de</span> <span class='ocrx_word' id='word_1_103' title='bbox 618 1414 873 1455; x_wconf 86' lang='lat' dir='ltr'>maritandis</span> <span class='ocrx_word' id='word_1_104' title='bbox 905 1413 1129 1454; x_wconf 86' lang='lat' dir='ltr'>ordinibus</span> <span class='ocrx_word' id='word_1_105' title='bbox 1184 1442 1635 1454; x_wconf 92' lang='grc'><strong>.......</strong></span> <span class='ocrx_word' id='word_1_106' title='bbox 1675 1421 1753 1460; x_wconf 90' lang='grc'>143</span> 
     </span>
     <span class='ocr_line' id='line_1_17' title="bbox 398 1489 1636 1545; baseline -0.003 -13"><span class='ocrx_word' id='word_1_107' title='bbox 398 1492 422 1544; x_wconf 61' lang='lat' dir='ltr'>S</span> <span class='ocrx_word' id='word_1_108' title='bbox 457 1502 494 1543; x_wconf 93' lang='grc'>3.</span> <span class='ocrx_word' id='word_1_109' title='bbox 528 1490 629 1545; x_wconf 79' lang='lat' dir='ltr'>Qua</span> <span class='ocrx_word' id='word_1_110' title='bbox 687 1491 740 1531; x_wconf 90' lang='lat' dir='ltr'>de</span> <span class='ocrx_word' id='word_1_111' title='bbox 798 1504 929 1531; x_wconf 86' lang='lat' dir='ltr'>causa</span> <span class='ocrx_word' id='word_1_112' title='bbox 988 1490 1181 1530; x_wconf 89' lang='lat' dir='ltr'>Hiemeri</span> <span class='ocrx_word' id='word_1_113' title='bbox 1235 1503 1272 1531; x_wconf 88' lang='lat' dir='ltr'>v.</span> <span class='ocrx_word' id='word_1_114' title='bbox 1323 1489 1364 1529; x_wconf 93' lang='lat' dir='ltr'>d.</span> <span class='ocrx_word' id='word_1_115' title='bbox 1414 1489 1636 1529; x_wconf 89' lang='lat' dir='ltr'>inventum</span> 
     </span>
     <span class='ocr_line' id='line_1_18' title="bbox 533 1567 1757 1622; baseline -0.004 -14"><span class='ocrx_word' id='word_1_116' title='bbox 533 1581 709 1622; x_wconf 89' lang='lat' dir='ltr'>prorsus</span> <span class='ocrx_word' id='word_1_117' title='bbox 743 1568 1007 1608; x_wconf 87' lang='lat' dir='ltr'>reiciendum</span> <span class='ocrx_word' id='word_1_118' title='bbox 1040 1567 1096 1607; x_wconf 90' lang='lat' dir='ltr'>sit</span> <span class='ocrx_word' id='word_1_119' title='bbox 1110 1595 1636 1608; x_wconf 88' lang='grc'><strong>........</strong></span> <span class='ocrx_word' id='word_1_120' title='bbox 1677 1573 1757 1616; x_wconf 85' lang='grc'>154</span> 
     </span>
     <span class='ocr_line' id='line_1_19' title="bbox 399 1643 1636 1698; baseline -0.006 -10"><span class='ocrx_word' id='word_1_121' title='bbox 399 1647 423 1698; x_wconf 76' lang='lat'>§</span> <span class='ocrx_word' id='word_1_122' title='bbox 455 1657 494 1697; x_wconf 85' lang='lat'>4.</span> <span class='ocrx_word' id='word_1_123' title='bbox 530 1646 652 1687; x_wconf 86' lang='lat' dir='ltr'>Sitne</span> <span class='ocrx_word' id='word_1_124' title='bbox 695 1660 869 1686; x_wconf 91' lang='lat' dir='ltr'>carmen</span> <span class='ocrx_word' id='word_1_125' title='bbox 907 1645 963 1697; x_wconf 87' lang='lat' dir='ltr'>V,</span> <span class='ocrx_word' id='word_1_126' title='bbox 992 1645 1136 1698; x_wconf 87' lang='lat' dir='ltr'>pueris</span> <span class='ocrx_word' id='word_1_127' title='bbox 1169 1643 1409 1697; x_wconf 86' lang='lat' dir='ltr'>puellisque</span> <span class='ocrx_word' id='word_1_128' title='bbox 1442 1643 1636 1696; x_wconf 88' lang='lat' dir='ltr'>ineptum</span> 
     </span>
     <span class='ocr_line' id='line_1_20' title="bbox 532 1716 1757 1769; baseline -0.006 -6"><span class='ocrx_word' id='word_1_129' title='bbox 532 1723 764 1764; x_wconf 88' lang='lat' dir='ltr'>dicendum</span> <span class='ocrx_word' id='word_1_130' title='bbox 816 1750 1636 1764; x_wconf 81' lang='lat'><strong>............</strong></span> <span class='ocrx_word' id='word_1_131' title='bbox 1677 1716 1757 1769; x_wconf 88' lang='lat'>156</span> 
     </span>
     <span class='ocr_line' id='line_1_21' title="bbox 400 1799 1757 1854; baseline -0.006 -11"><span class='ocrx_word' id='word_1_132' title='bbox 400 1801 424 1853; x_wconf 80' lang='lat'>§</span> <span class='ocrx_word' id='word_1_133' title='bbox 460 1808 496 1851; x_wconf 85' lang='lat'>5.</span> <span class='ocrx_word' id='word_1_134' title='bbox 530 1800 765 1854; x_wconf 87' lang='lat' dir='ltr'>Scriptoris</span> <span class='ocrx_word' id='word_1_135' title='bbox 797 1799 1012 1840; x_wconf 87' lang='lat' dir='ltr'>sententia</span> <span class='ocrx_word' id='word_1_136' title='bbox 1036 1828 1634 1841; x_wconf 91' lang='grc'><strong>.........</strong></span> <span class='ocrx_word' id='word_1_137' title='bbox 1677 1803 1757 1847; x_wconf 85' lang='grc'>159</span> 
     </span>
     <span class='ocr_line' id='line_1_22' title="bbox 268 1928 1640 1984; baseline -0.002 -13"><span class='ocrx_word' id='word_1_138' title='bbox 268 1930 431 1972; x_wconf 82' lang='lat' dir='ltr'>CAPUT</span> <span class='ocrx_word' id='word_1_139' title='bbox 464 1931 562 1972; x_wconf 90' lang='lat' dir='ltr'><strong>VII.</strong></span> <span class='ocrx_word' id='word_1_140' title='bbox 598 1934 672 1975; x_wconf 89' lang='lat' dir='ltr'>De</span> <span class='ocrx_word' id='word_1_141' title='bbox 722 1933 993 1974; x_wconf 87' lang='lat' dir='ltr'>sententiis</span> <span class='ocrx_word' id='word_1_142' title='bbox 1037 1931 1101 1972; x_wconf 85' lang='lat' dir='ltr'>ad</span> <span class='ocrx_word' id='word_1_143' title='bbox 1145 1932 1399 1984; x_wconf 86' lang='lat' dir='ltr'>integrum</span> <span class='ocrx_word' id='word_1_144' title='bbox 1441 1928 1640 1982; x_wconf 88' lang='lat' dir='ltr'>cyclum</span> 
     </span>
     <span class='ocr_line' id='line_1_23' title="bbox 535 2002 1756 2064; baseline -0.008 -12"><span class='ocrx_word' id='word_1_145' title='bbox 535 2010 910 2064; x_wconf 85' lang='lat' dir='ltr'>pertinentibus</span> <span class='ocrx_word' id='word_1_146' title='bbox 965 2034 1636 2048; x_wconf 86' lang='lat'><strong>..........</strong></span> <span class='ocrx_word' id='word_1_147' title='bbox 1680 2002 1756 2042; x_wconf 87' lang='lat'>162</span> 
     </span>
     <span class='ocr_line' id='line_1_24' title="bbox 404 2120 1759 2167; baseline -0.004 -6"><span class='ocrx_word' id='word_1_148' title='bbox 404 2120 636 2161; x_wconf 87' lang='lat' dir='ltr'>Conclusio</span> <span class='ocrx_word' id='word_1_149' title='bbox 665 2146 1637 2160; x_wconf 89' lang='lat'><strong>..............</strong></span> <span class='ocrx_word' id='word_1_150' title='bbox 1680 2125 1759 2167; x_wconf 91' lang='lat'>170</span> 
     </span>
     <span class='ocr_line' id='line_1_25' title="bbox 404 2197 1754 2252; baseline -0.004 -14"><span class='ocrx_word' id='word_1_151' title='bbox 404 2197 560 2252; x_wconf 84' lang='lat' dir='ltr'>Operis</span> <span class='ocrx_word' id='word_1_152' title='bbox 593 2203 852 2249; x_wconf 85' lang='lat' dir='ltr'>conspectus</span> <span class='ocrx_word' id='word_1_153' title='bbox 892 2224 1638 2236; x_wconf 90' lang='lat'><strong>...........</strong></span> <span class='ocrx_word' id='word_1_154' title='bbox 1679 2201 1754 2243; x_wconf 90' lang='lat'>171</span> 
     </span>
    </p>
   </div>
   <div class='ocr_carea' id='block_1_3' title="bbox 403 2275 1757 2320">
    <p class='ocr_par' dir='ltr' id='par_1_3' title="bbox 403 2275 1757 2320">
     <span class='ocr_line' id='line_1_26' title="bbox 403 2275 1757 2320; baseline -0.004 -5"><span class='ocrx_word' id='word_1_155' title='bbox 403 2275 571 2315; x_wconf 88' lang='lat' dir='ltr'>Theses</span> <span class='ocrx_word' id='word_1_156' title='bbox 597 2302 1638 2315; x_wconf 74' lang='grc'><strong>...............</strong></span> <span class='ocrx_word' id='word_1_157' title='bbox 1681 2278 1757 2320; x_wconf 90' lang='grc'>177</span> 
     </span>
    </p>
   </div>
  </div>
 </body>
</html>
