<?xml version="1.0" encoding="UTF-8"?>
<!DOCTYPE html PUBLIC "-//W3C//DTD XHTML 1.0 Transitional//EN"
    "http://www.w3.org/TR/xhtml1/DTD/xhtml1-transitional.dtd">
<html xmlns="http://www.w3.org/1999/xhtml" xml:lang="en" lang="en">
 <head>
  <title>
</title>
<meta http-equiv="Content-Type" content="text/html;charset=utf-8" />
  <meta name='ocr-system' content='tesseract 3.04.00' />
  <meta name='ocr-capabilities' content='ocr_page ocr_carea ocr_par ocr_line ocrx_word'/>
</head>
<body>
  <div class='ocr_page' id='page_1' title='image "./disputatiocritic00slijuoft_0143.png"; bbox 0 0 1955 3157; ppageno 0'>
   <div class='ocr_carea' id='block_1_1' title="bbox 915 236 991 276">
    <p class='ocr_par' dir='ltr' id='par_1_1' title="bbox 915 236 991 276">
     <span class='ocr_line' id='line_1_1' title="bbox 915 236 991 276; baseline 0 -11"><span class='ocrx_word' id='word_1_1' title='bbox 915 236 991 276; x_wconf 88' lang='lat'>131</span> 
     </span>
    </p>
   </div>
   <div class='ocr_carea' id='block_1_2' title="bbox 209 354 1710 2728">
    <p class='ocr_par' dir='ltr' id='par_1_2' title="bbox 209 354 1709 717">
     <span class='ocr_line' id='line_1_2' title="bbox 209 354 1708 410; baseline 0.001 -15"><span class='ocrx_word' id='word_1_2' title='bbox 209 355 481 404; x_wconf 82' lang='lat' dir='ltr'>ostendebat,</span> <span class='ocrx_word' id='word_1_3' title='bbox 516 380 570 385; x_wconf 92' lang='lat'>—-</span> <span class='ocrx_word' id='word_1_4' title='bbox 603 369 871 410; x_wconf 88' lang='lat' dir='ltr'>quamquam</span> <span class='ocrx_word' id='word_1_5' title='bbox 903 355 1048 396; x_wconf 92' lang='lat' dir='ltr'>verbis</span> <span class='ocrx_word' id='word_1_6' title='bbox 1079 354 1264 396; x_wconf 89' lang='lat' dir='ltr'>fortasse</span> <span class='ocrx_word' id='word_1_7' title='bbox 1296 355 1491 408; x_wconf 86' lang='lat' dir='ltr'>negabat</span> <span class='ocrx_word' id='word_1_8' title='bbox 1518 379 1575 385; x_wconf 88' lang='lat'>—</span> <span class='ocrx_word' id='word_1_9' title='bbox 1607 370 1708 410; x_wconf 88' lang='lat' dir='ltr'>cap-</span> 
     </span>
     <span class='ocr_line' id='line_1_3' title="bbox 209 433 1706 486; baseline 0 -13"><span class='ocrx_word' id='word_1_10' title='bbox 209 433 347 474; x_wconf 91' lang='lat' dir='ltr'>tivum</span> <span class='ocrx_word' id='word_1_11' title='bbox 390 433 653 482; x_wconf 86' lang='lat' dir='ltr'>Romanurn,</span> <span class='ocrx_word' id='word_1_12' title='bbox 686 446 838 473; x_wconf 87' lang='lat' dir='ltr'>verum</span> <span class='ocrx_word' id='word_1_13' title='bbox 872 433 1123 472; x_wconf 90' lang='lat' dir='ltr'>Romanum</span> <span class='ocrx_word' id='word_1_14' title='bbox 1155 444 1284 485; x_wconf 86' lang='lat' dir='ltr'>posse</span> <span class='ocrx_word' id='word_1_15' title='bbox 1317 445 1494 472; x_wconf 88' lang='lat' dir='ltr'>manere</span> <span class='ocrx_word' id='word_1_16' title='bbox 1526 433 1706 486; x_wconf 82' lang='lat' dir='ltr'>ingenio</span> 
     </span>
     <span class='ocr_line' id='line_1_4' title="bbox 209 508 1706 562; baseline 0.001 -13"><span class='ocrx_word' id='word_1_17' title='bbox 209 515 253 550; x_wconf 92' lang='lat' dir='ltr'>et</span> <span class='ocrx_word' id='word_1_18' title='bbox 294 509 469 560; x_wconf 90' lang='lat' dir='ltr'>animo;</span> <span class='ocrx_word' id='word_1_19' title='bbox 512 510 555 550; x_wconf 95' lang='lat' dir='ltr'>in</span> <span class='ocrx_word' id='word_1_20' title='bbox 597 509 814 562; x_wconf 87' lang='lat' dir='ltr'>prioribus</span> <span class='ocrx_word' id='word_1_21' title='bbox 857 522 961 550; x_wconf 91' lang='lat' dir='ltr'>vero</span> <span class='ocrx_word' id='word_1_22' title='bbox 1005 509 1198 562; x_wconf 88' lang='lat' dir='ltr'>strophis</span> <span class='ocrx_word' id='word_1_23' title='bbox 1229 508 1493 549; x_wconf 84' lang='lat' dir='ltr'>lucidissime</span> <span class='ocrx_word' id='word_1_24' title='bbox 1524 509 1706 550; x_wconf 91' lang='lat' dir='ltr'>demon-</span> 
     </span>
     <span class='ocr_line' id='line_1_5' title="bbox 210 585 1709 640; baseline -0.001 -13"><span class='ocrx_word' id='word_1_25' title='bbox 210 592 394 627; x_wconf 90' lang='lat' dir='ltr'>stratum</span> <span class='ocrx_word' id='word_1_26' title='bbox 428 594 521 628; x_wconf 91' lang='lat' dir='ltr'>erat</span> <span class='ocrx_word' id='word_1_27' title='bbox 547 587 744 640; x_wconf 88' lang='lat' dir='ltr'>captivos</span> <span class='ocrx_word' id='word_1_28' title='bbox 772 586 999 628; x_wconf 89' lang='lat' dir='ltr'>Parthicos</span> <span class='ocrx_word' id='word_1_29' title='bbox 1026 586 1128 626; x_wconf 89' lang='lat' dir='ltr'>viris</span> <span class='ocrx_word' id='word_1_30' title='bbox 1153 585 1366 626; x_wconf 88' lang='lat' dir='ltr'>Romanis</span> <span class='ocrx_word' id='word_1_31' title='bbox 1384 585 1709 639; x_wconf 85' lang='lat' dir='ltr'>indignissimos</span> 
     </span>
     <span class='ocr_line' id='line_1_6' title="bbox 209 664 513 717; baseline 0 -13"><span class='ocrx_word' id='word_1_32' title='bbox 209 677 256 704; x_wconf 93' lang='lat' dir='ltr'>se</span> <span class='ocrx_word' id='word_1_33' title='bbox 288 664 513 717; x_wconf 86' lang='lat' dir='ltr'>praebere.</span> 
     </span>
    </p>

    <p class='ocr_par' dir='ltr' id='par_1_3' title="bbox 209 739 1710 1413">
     <span class='ocr_line' id='line_1_7' title="bbox 269 739 1708 794; baseline -0.001 -13"><span class='ocrx_word' id='word_1_34' title='bbox 269 741 382 781; x_wconf 86' lang='lat' dir='ltr'>Dein</span> <span class='ocrx_word' id='word_1_35' title='bbox 414 747 510 782; x_wconf 91' lang='lat' dir='ltr'>tota</span> <span class='ocrx_word' id='word_1_36' title='bbox 541 740 613 782; x_wconf 87' lang='lat' dir='ltr'>illa</span> <span class='ocrx_word' id='word_1_37' title='bbox 645 740 936 794; x_wconf 87' lang='lat' dir='ltr'>pulcherrima</span> <span class='ocrx_word' id='word_1_38' title='bbox 965 740 1106 781; x_wconf 89' lang='lat' dir='ltr'>oratio</span> <span class='ocrx_word' id='word_1_39' title='bbox 1133 739 1291 793; x_wconf 85' lang='lat' dir='ltr'>Reguli</span> <span class='ocrx_word' id='word_1_40' title='bbox 1319 739 1470 781; x_wconf 91' lang='lat' dir='ltr'>inutile</span> <span class='ocrx_word' id='word_1_41' title='bbox 1495 754 1548 780; x_wconf 93' lang='lat' dir='ltr'>ne</span> <span class='ocrx_word' id='word_1_42' title='bbox 1566 739 1708 781; x_wconf 88' lang='lat' dir='ltr'>dicam</span> 
     </span>
     <span class='ocr_line' id='line_1_8' title="bbox 209 817 1710 872; baseline -0.001 -14"><span class='ocrx_word' id='word_1_43' title='bbox 209 818 415 858; x_wconf 90' lang='lat' dir='ltr'>stolidum</span> <span class='ocrx_word' id='word_1_44' title='bbox 448 818 611 872; x_wconf 90' lang='lat' dir='ltr'>aliquid</span> <span class='ocrx_word' id='word_1_45' title='bbox 645 818 828 859; x_wconf 88' lang='lat' dir='ltr'>efficitur</span> <span class='ocrx_word' id='word_1_46' title='bbox 855 817 927 858; x_wconf 89' lang='lat' dir='ltr'>illa</span> <span class='ocrx_word' id='word_1_47' title='bbox 955 817 1326 871; x_wconf 82' lang='lat' dir='ltr'>interpretatione.</span> <span class='ocrx_word' id='word_1_48' title='bbox 1357 817 1534 858; x_wconf 90' lang='lat' dir='ltr'>Etenim</span> <span class='ocrx_word' id='word_1_49' title='bbox 1552 823 1710 870; x_wconf 89' lang='lat' dir='ltr'>poetae</span> 
     </span>
     <span class='ocr_line' id='line_1_9' title="bbox 211 894 1708 949; baseline -0.001 -13"><span class='ocrx_word' id='word_1_50' title='bbox 211 896 266 936; x_wconf 89' lang='lat' dir='ltr'>sit</span> <span class='ocrx_word' id='word_1_51' title='bbox 308 896 582 949; x_wconf 89' lang='lat' dir='ltr'>propositum</span> <span class='ocrx_word' id='word_1_52' title='bbox 615 901 791 949; x_wconf 87' lang='lat' dir='ltr'>oportet</span> <span class='ocrx_word' id='word_1_53' title='bbox 823 901 870 936; x_wconf 92' lang='lat' dir='ltr'>ut</span> <span class='ocrx_word' id='word_1_54' title='bbox 902 895 1092 935; x_wconf 89' lang='lat' dir='ltr'>Romani</span> <span class='ocrx_word' id='word_1_55' title='bbox 1125 894 1303 935; x_wconf 90' lang='lat' dir='ltr'>honoris</span> <span class='ocrx_word' id='word_1_56' title='bbox 1335 894 1580 935; x_wconf 84' lang='lat' dir='ltr'>vindicibus</span> <span class='ocrx_word' id='word_1_57' title='bbox 1612 908 1708 948; x_wconf 92' lang='lat' dir='ltr'>per-</span> 
     </span>
     <span class='ocr_line' id='line_1_10' title="bbox 209 971 1709 1025; baseline -0.001 -12"><span class='ocrx_word' id='word_1_58' title='bbox 209 973 391 1014; x_wconf 86' lang='lat' dir='ltr'>suadeat</span> <span class='ocrx_word' id='word_1_59' title='bbox 423 986 510 1013; x_wconf 91' lang='lat' dir='ltr'>non</span> <span class='ocrx_word' id='word_1_60' title='bbox 543 986 637 1013; x_wconf 91' lang='lat' dir='ltr'>esse</span> <span class='ocrx_word' id='word_1_61' title='bbox 665 972 949 1025; x_wconf 88' lang='lat' dir='ltr'>pugnandum</span> <span class='ocrx_word' id='word_1_62' title='bbox 977 979 1132 1014; x_wconf 91' lang='lat' dir='ltr'>contra</span> <span class='ocrx_word' id='word_1_63' title='bbox 1160 971 1360 1013; x_wconf 89' lang='lat' dir='ltr'>Parthos.</span> <span class='ocrx_word' id='word_1_64' title='bbox 1390 971 1490 1025; x_wconf 78' lang='lat' dir='ltr'>Qua</span> <span class='ocrx_word' id='word_1_65' title='bbox 1507 971 1561 1012; x_wconf 93' lang='lat' dir='ltr'>de</span> <span class='ocrx_word' id='word_1_66' title='bbox 1578 985 1709 1012; x_wconf 84' lang='lat' dir='ltr'>causa</span> 
     </span>
     <span class='ocr_line' id='line_1_11' title="bbox 210 1049 1709 1103; baseline -0.001 -12"><span class='ocrx_word' id='word_1_67' title='bbox 210 1050 402 1091; x_wconf 85' lang='lat' dir='ltr'>ostendit</span> <span class='ocrx_word' id='word_1_68' title='bbox 434 1049 539 1090; x_wconf 90' lang='lat' dir='ltr'>mihi</span> <span class='ocrx_word' id='word_1_69' title='bbox 572 1049 769 1103; x_wconf 88' lang='lat' dir='ltr'>captivos</span> <span class='ocrx_word' id='word_1_70' title='bbox 802 1050 1028 1090; x_wconf 91' lang='lat' dir='ltr'>Romanos</span> <span class='ocrx_word' id='word_1_71' title='bbox 1060 1063 1147 1089; x_wconf 92' lang='lat' dir='ltr'>non</span> <span class='ocrx_word' id='word_1_72' title='bbox 1175 1062 1269 1089; x_wconf 87' lang='lat' dir='ltr'>esse</span> <span class='ocrx_word' id='word_1_73' title='bbox 1297 1049 1536 1102; x_wconf 86' lang='lat' dir='ltr'>Romanos,</span> <span class='ocrx_word' id='word_1_74' title='bbox 1559 1049 1709 1103; x_wconf 82' lang='lat' dir='ltr'>„quasi</span> 
     </span>
     <span class='ocr_line' id='line_1_12' title="bbox 209 1126 1709 1182; baseline -0.001 -14"><span class='ocrx_word' id='word_1_75' title='bbox 209 1141 326 1177; x_wconf 90' lang='lat' dir='ltr'>vero,</span> <span class='ocrx_word' id='word_1_76' title='bbox 361 1128 502 1182; x_wconf 90' lang='lat' dir='ltr'>inquit</span> <span class='ocrx_word' id='word_1_77' title='bbox 534 1126 809 1180; x_wconf 75' lang='lat' dir='ltr'>Karstenius,</span> <span class='ocrx_word' id='word_1_78' title='bbox 842 1126 899 1167; x_wconf 92' lang='lat' dir='ltr'>illi</span> <span class='ocrx_word' id='word_1_79' title='bbox 933 1127 1108 1180; x_wconf 90' lang='lat' dir='ltr'>captivi,</span> <span class='ocrx_word' id='word_1_80' title='bbox 1142 1127 1215 1180; x_wconf 90' lang='lat' dir='ltr'>qui</span> <span class='ocrx_word' id='word_1_81' title='bbox 1248 1133 1540 1180; x_wconf 88' lang='lat' dir='ltr'>superessent,</span> <span class='ocrx_word' id='word_1_82' title='bbox 1574 1127 1709 1179; x_wconf 90' lang='lat' dir='ltr'>impe-</span> 
     </span>
     <span class='ocr_line' id='line_1_13' title="bbox 210 1204 1706 1259; baseline -0.001 -13"><span class='ocrx_word' id='word_1_83' title='bbox 210 1206 406 1246; x_wconf 88' lang='lat' dir='ltr'>dimento</span> <span class='ocrx_word' id='word_1_84' title='bbox 434 1211 591 1254; x_wconf 88' lang='lat' dir='ltr'>essent,</span> <span class='ocrx_word' id='word_1_85' title='bbox 611 1205 843 1259; x_wconf 88' lang='lat' dir='ltr'>quominus</span> <span class='ocrx_word' id='word_1_86' title='bbox 861 1204 1010 1245; x_wconf 84' lang='lat' dir='ltr'>Parthi</span> <span class='ocrx_word' id='word_1_87' title='bbox 1028 1205 1283 1258; x_wconf 83' lang='lat' dir='ltr'>punirentur</span> <span class='ocrx_word' id='word_1_88' title='bbox 1301 1210 1345 1245; x_wconf 94' lang='lat' dir='ltr'>et</span> <span class='ocrx_word' id='word_1_89' title='bbox 1362 1204 1706 1245; x_wconf 87' lang='lat' dir='ltr'>devincerentur.</span> 
     </span>
     <span class='ocr_line' id='line_1_14' title="bbox 211 1281 1705 1336; baseline -0.002 -12"><span class='ocrx_word' id='word_1_90' title='bbox 211 1281 327 1336; x_wconf 78' lang='lat' dir='ltr'>Quid</span> <span class='ocrx_word' id='word_1_91' title='bbox 377 1282 631 1336; x_wconf 88' lang='lat' dir='ltr'>responderi</span> <span class='ocrx_word' id='word_1_92' title='bbox 679 1282 822 1335; x_wconf 91' lang='lat' dir='ltr'>potuit</span> <span class='ocrx_word' id='word_1_93' title='bbox 863 1282 1050 1335; x_wconf 89' lang='lat' dir='ltr'>ineptius</span> <span class='ocrx_word' id='word_1_94' title='bbox 1095 1281 1345 1321; x_wconf 91' lang='lat' dir='ltr'>hominibus</span> <span class='ocrx_word' id='word_1_95' title='bbox 1388 1294 1474 1321; x_wconf 94' lang='lat' dir='ltr'>non</span> <span class='ocrx_word' id='word_1_96' title='bbox 1507 1281 1705 1334; x_wconf 88' lang='lat' dir='ltr'>stupidis,</span> 
     </span>
     <span class='ocr_line' id='line_1_15' title="bbox 210 1358 1417 1413; baseline -0.002 -12"><span class='ocrx_word' id='word_1_97' title='bbox 210 1359 287 1400; x_wconf 85' lang='lat' dir='ltr'>sed</span> <span class='ocrx_word' id='word_1_98' title='bbox 322 1373 465 1401; x_wconf 89' lang='lat' dir='ltr'>rerum</span> <span class='ocrx_word' id='word_1_99' title='bbox 497 1359 769 1413; x_wconf 90' lang='lat' dir='ltr'>publicarum</span> <span class='ocrx_word' id='word_1_100' title='bbox 802 1373 881 1400; x_wconf 89' lang='lat' dir='ltr'>usu</span> <span class='ocrx_word' id='word_1_101' title='bbox 913 1359 1100 1400; x_wconf 89' lang='lat' dir='ltr'>versutis</span> <span class='ocrx_word' id='word_1_102' title='bbox 1133 1366 1176 1400; x_wconf 89' lang='lat' dir='ltr'>et</span> <span class='ocrx_word' id='word_1_103' title='bbox 1207 1358 1417 1399; x_wconf 89' lang='lat' dir='ltr'>callidis&#39;&#39;.</span> 
     </span>
    </p>

    <p class='ocr_par' dir='ltr' id='par_1_4' title="bbox 210 1435 1709 2728">
     <span class='ocr_line' id='line_1_16' title="bbox 271 1435 1708 1492; baseline -0.001 -14"><span class='ocrx_word' id='word_1_104' title='bbox 271 1436 415 1478; x_wconf 90' lang='lat' dir='ltr'>Credo</span> <span class='ocrx_word' id='word_1_105' title='bbox 472 1436 677 1492; x_wconf 91' lang='lat' dir='ltr'>equidem</span> <span class='ocrx_word' id='word_1_106' title='bbox 735 1436 1059 1477; x_wconf 90' lang='lat' dir='ltr'>Mommsenum</span> <span class='ocrx_word' id='word_1_107' title='bbox 1115 1450 1214 1477; x_wconf 92' lang='lat' dir='ltr'>cum</span> <span class='ocrx_word' id='word_1_108' title='bbox 1262 1436 1391 1476; x_wconf 89' lang='lat' dir='ltr'>aliam</span> <span class='ocrx_word' id='word_1_109' title='bbox 1440 1435 1557 1476; x_wconf 88' lang='lat' dir='ltr'>illam</span> <span class='ocrx_word' id='word_1_110' title='bbox 1605 1449 1708 1476; x_wconf 88' lang='lat' dir='ltr'>suae</span> 
     </span>
     <span class='ocr_line' id='line_1_17' title="bbox 211 1514 1708 1568; baseline -0.001 -13"><span class='ocrx_word' id='word_1_111' title='bbox 211 1514 473 1555; x_wconf 88' lang='lat' dir='ltr'>simillimam</span> <span class='ocrx_word' id='word_1_112' title='bbox 508 1514 753 1556; x_wconf 90' lang='lat' dir='ltr'>doctrinam</span> <span class='ocrx_word' id='word_1_113' title='bbox 786 1515 840 1555; x_wconf 90' lang='lat' dir='ltr'>de</span> <span class='ocrx_word' id='word_1_114' title='bbox 873 1515 1072 1568; x_wconf 87' lang='lat' dir='ltr'>cognatis</span> <span class='ocrx_word' id='word_1_115' title='bbox 1099 1521 1143 1556; x_wconf 91' lang='lat' dir='ltr'>et</span> <span class='ocrx_word' id='word_1_116' title='bbox 1169 1515 1320 1555; x_wconf 88' lang='lat' dir='ltr'>amicis</span> <span class='ocrx_word' id='word_1_117' title='bbox 1337 1514 1708 1568; x_wconf 90' lang='lat' dir='ltr'>conquerentibus</span> 
     </span>
     <span class='ocr_line' id='line_1_18' title="bbox 211 1591 1706 1646; baseline -0.001 -13"><span class='ocrx_word' id='word_1_118' title='bbox 211 1593 347 1634; x_wconf 91' lang='lat' dir='ltr'>vitare</span> <span class='ocrx_word' id='word_1_119' title='bbox 379 1592 521 1642; x_wconf 89' lang='lat' dir='ltr'>vellet,</span> <span class='ocrx_word' id='word_1_120' title='bbox 550 1606 637 1633; x_wconf 90' lang='lat' dir='ltr'>non</span> <span class='ocrx_word' id='word_1_121' title='bbox 664 1606 840 1646; x_wconf 90' lang='lat' dir='ltr'>prorsus</span> <span class='ocrx_word' id='word_1_122' title='bbox 868 1599 1015 1633; x_wconf 86' lang='lat' dir='ltr'>tamen</span> <span class='ocrx_word' id='word_1_123' title='bbox 1043 1606 1141 1632; x_wconf 89' lang='lat' dir='ltr'>eam</span> <span class='ocrx_word' id='word_1_124' title='bbox 1169 1592 1329 1633; x_wconf 91' lang='lat' dir='ltr'>vitasse</span> <span class='ocrx_word' id='word_1_125' title='bbox 1357 1592 1399 1632; x_wconf 91' lang='lat' dir='ltr'>in</span> <span class='ocrx_word' id='word_1_126' title='bbox 1417 1591 1706 1645; x_wconf 87' lang='lat' dir='ltr'>expositione.</span> 
     </span>
     <span class='ocr_line' id='line_1_19' title="bbox 211 1669 1707 1724; baseline -0.001 -14"><span class='ocrx_word' id='word_1_127' title='bbox 211 1670 325 1710; x_wconf 88' lang='lat' dir='ltr'>Nam</span> <span class='ocrx_word' id='word_1_128' title='bbox 354 1671 428 1724; x_wconf 92' lang='lat' dir='ltr'>qui</span> <span class='ocrx_word' id='word_1_129' title='bbox 456 1683 650 1723; x_wconf 89' lang='lat' dir='ltr'>pugnam</span> <span class='ocrx_word' id='word_1_130' title='bbox 679 1683 778 1710; x_wconf 90' lang='lat' dir='ltr'>cum</span> <span class='ocrx_word' id='word_1_131' title='bbox 806 1669 978 1710; x_wconf 89' lang='lat' dir='ltr'>Parthis</span> <span class='ocrx_word' id='word_1_132' title='bbox 995 1669 1201 1710; x_wconf 89' lang='lat' dir='ltr'>volebant</span> <span class='ocrx_word' id='word_1_133' title='bbox 1220 1683 1306 1710; x_wconf 92' lang='lat' dir='ltr'>non</span> <span class='ocrx_word' id='word_1_134' title='bbox 1324 1675 1413 1710; x_wconf 89' lang='lat' dir='ltr'>tam</span> <span class='ocrx_word' id='word_1_135' title='bbox 1433 1669 1707 1722; x_wconf 88' lang='lat' dir='ltr'>captivorum</span> 
     </span>
     <span class='ocr_line' id='line_1_20' title="bbox 210 1746 1708 1802; baseline -0.001 -15"><span class='ocrx_word' id='word_1_136' title='bbox 210 1747 511 1788; x_wconf 89' lang='lat' dir='ltr'>liberationem</span> <span class='ocrx_word' id='word_1_137' title='bbox 544 1760 677 1802; x_wconf 90' lang='lat' dir='ltr'>quarn</span> <span class='ocrx_word' id='word_1_138' title='bbox 711 1747 880 1787; x_wconf 91' lang='lat' dir='ltr'>Romae</span> <span class='ocrx_word' id='word_1_139' title='bbox 911 1746 1096 1800; x_wconf 81' lang='lat' dir='ltr'>gloriam</span> <span class='ocrx_word' id='word_1_140' title='bbox 1129 1747 1402 1800; x_wconf 89' lang='lat' dir='ltr'>spectabant.</span> <span class='ocrx_word' id='word_1_141' title='bbox 1433 1746 1563 1787; x_wconf 89' lang='lat' dir='ltr'>Adeo</span> <span class='ocrx_word' id='word_1_142' title='bbox 1590 1759 1708 1786; x_wconf 89' lang='lat' dir='ltr'>com-</span> 
     </span>
     <span class='ocr_line' id='line_1_21' title="bbox 211 1824 1708 1878; baseline -0.001 -13"><span class='ocrx_word' id='word_1_143' title='bbox 211 1825 378 1865; x_wconf 85' lang='lat' dir='ltr'>mixtae</span> <span class='ocrx_word' id='word_1_144' title='bbox 406 1831 506 1865; x_wconf 87' lang='lat' dir='ltr'>sunt</span> <span class='ocrx_word' id='word_1_145' title='bbox 534 1825 646 1865; x_wconf 90' lang='lat' dir='ltr'>inter</span> <span class='ocrx_word' id='word_1_146' title='bbox 672 1837 718 1864; x_wconf 91' lang='lat' dir='ltr'>se</span> <span class='ocrx_word' id='word_1_147' title='bbox 746 1824 858 1864; x_wconf 88' lang='lat' dir='ltr'>duae</span> <span class='ocrx_word' id='word_1_148' title='bbox 887 1824 983 1864; x_wconf 90' lang='lat' dir='ltr'>illae</span> <span class='ocrx_word' id='word_1_149' title='bbox 1000 1824 1255 1876; x_wconf 80' lang='lat' dir='ltr'>sententiae,</span> <span class='ocrx_word' id='word_1_150' title='bbox 1274 1837 1458 1878; x_wconf 89' lang='lat' dir='ltr'>quarum</span> <span class='ocrx_word' id='word_1_151' title='bbox 1478 1830 1708 1877; x_wconf 90' lang='lat' dir='ltr'>utramque</span> 
     </span>
     <span class='ocr_line' id='line_1_22' title="bbox 211 1900 1708 1955; baseline 0 -14"><span class='ocrx_word' id='word_1_152' title='bbox 211 1900 363 1942; x_wconf 89' lang='lat' dir='ltr'>sedulo</span> <span class='ocrx_word' id='word_1_153' title='bbox 411 1901 684 1955; x_wconf 86' lang='lat' dir='ltr'>impugnavit</span> <span class='ocrx_word' id='word_1_154' title='bbox 726 1901 998 1951; x_wconf 88' lang='lat' dir='ltr'>Karstenius,</span> <span class='ocrx_word' id='word_1_155' title='bbox 1044 1907 1089 1942; x_wconf 91' lang='lat' dir='ltr'>ut</span> <span class='ocrx_word' id='word_1_156' title='bbox 1132 1901 1409 1942; x_wconf 89' lang='lat' dir='ltr'>doctissimus</span> <span class='ocrx_word' id='word_1_157' title='bbox 1441 1901 1507 1941; x_wconf 89' lang='lat' dir='ltr'>vir</span> <span class='ocrx_word' id='word_1_158' title='bbox 1540 1901 1708 1941; x_wconf 91' lang='lat' dir='ltr'>Rosen-</span> 
     </span>
     <span class='ocr_line' id='line_1_23' title="bbox 211 1977 1708 2032; baseline 0 -14"><span class='ocrx_word' id='word_1_159' title='bbox 211 1978 388 2032; x_wconf 90' lang='lat' dir='ltr'>bergius</span> <span class='ocrx_word' id='word_1_160' title='bbox 430 1979 473 2018; x_wconf 92' lang='lat' dir='ltr'>in</span> <span class='ocrx_word' id='word_1_161' title='bbox 505 1979 877 2019; x_wconf 90' lang='lat' dir='ltr'>commentatione</span> <span class='ocrx_word' id='word_1_162' title='bbox 909 1979 1082 2031; x_wconf 86' lang='lat' dir='ltr'>saepius</span> <span class='ocrx_word' id='word_1_163' title='bbox 1113 1977 1291 2019; x_wconf 87' lang='lat' dir='ltr'>laudata</span> <span class='ocrx_word' id='word_1_164' title='bbox 1309 1980 1340 2031; x_wconf 77' lang='lat'>1)</span> <span class='ocrx_word' id='word_1_165' title='bbox 1373 1978 1503 2019; x_wconf 90' lang='lat' dir='ltr'>aliam</span> <span class='ocrx_word' id='word_1_166' title='bbox 1535 1978 1592 2018; x_wconf 88' lang='lat' dir='ltr'>ab</span> <span class='ocrx_word' id='word_1_167' title='bbox 1624 1978 1708 2018; x_wconf 84' lang='lat' dir='ltr'>alia</span> 
     </span>
     <span class='ocr_line' id='line_1_24' title="bbox 211 2055 1706 2109; baseline -0.001 -13"><span class='ocrx_word' id='word_1_168' title='bbox 211 2069 298 2096; x_wconf 90' lang='lat' dir='ltr'>non</span> <span class='ocrx_word' id='word_1_169' title='bbox 331 2062 449 2097; x_wconf 90' lang='lat' dir='ltr'>recte</span> <span class='ocrx_word' id='word_1_170' title='bbox 480 2056 741 2097; x_wconf 80' lang='lat' dir='ltr'>distinxerit.</span> <span class='ocrx_word' id='word_1_171' title='bbox 776 2055 875 2109; x_wconf 91' lang='lat' dir='ltr'>Ipse</span> <span class='ocrx_word' id='word_1_172' title='bbox 907 2056 1021 2096; x_wconf 88' lang='lat' dir='ltr'>enim</span> <span class='ocrx_word' id='word_1_173' title='bbox 1049 2055 1174 2096; x_wconf 89' lang='lat' dir='ltr'>affert</span> <span class='ocrx_word' id='word_1_174' title='bbox 1204 2062 1357 2096; x_wconf 90' lang='lat' dir='ltr'>contra</span> <span class='ocrx_word' id='word_1_175' title='bbox 1383 2055 1706 2095; x_wconf 87' lang='lat' dir='ltr'>Mommsenum</span> 
     </span>
     <span class='ocr_line' id='line_1_25' title="bbox 210 2132 1706 2188; baseline -0.001 -15"><span class='ocrx_word' id='word_1_176' title='bbox 210 2146 324 2188; x_wconf 90' lang='lat' dir='ltr'>quae</span> <span class='ocrx_word' id='word_1_177' title='bbox 357 2133 615 2174; x_wconf 89' lang='lat' dir='ltr'>Karstenius</span> <span class='ocrx_word' id='word_1_178' title='bbox 647 2133 822 2187; x_wconf 80' lang='lat' dir='ltr'>egregie</span> <span class='ocrx_word' id='word_1_179' title='bbox 854 2133 1040 2173; x_wconf 90' lang='lat' dir='ltr'>adduxit</span> <span class='ocrx_word' id='word_1_180' title='bbox 1072 2138 1119 2173; x_wconf 91' lang='lat' dir='ltr'>ut</span> <span class='ocrx_word' id='word_1_181' title='bbox 1147 2132 1357 2173; x_wconf 89' lang='lat' dir='ltr'>refutaret</span> <span class='ocrx_word' id='word_1_182' title='bbox 1386 2133 1423 2172; x_wconf 88' lang='lat' dir='ltr'>F</span> <span class='ocrx_word' id='word_1_183' title='bbox 1427 2132 1706 2172; x_wconf 89' lang='lat' dir='ltr'>riedrichium</span> 
     </span>
     <span class='ocr_line' id='line_1_26' title="bbox 211 2209 1707 2264; baseline -0.001 -14"><span class='ocrx_word' id='word_1_184' title='bbox 211 2209 426 2264; x_wconf 91' lang='lat' dir='ltr'>huiusque</span> <span class='ocrx_word' id='word_1_185' title='bbox 472 2210 671 2251; x_wconf 89' lang='lat' dir='ltr'>asseclas.</span> <span class='ocrx_word' id='word_1_186' title='bbox 721 2210 802 2250; x_wconf 90' lang='lat' dir='ltr'>Vir</span> <span class='ocrx_word' id='word_1_187' title='bbox 850 2209 1097 2250; x_wconf 88' lang='lat' dir='ltr'>Germanus</span> <span class='ocrx_word' id='word_1_188' title='bbox 1144 2223 1230 2250; x_wconf 92' lang='lat' dir='ltr'>non</span> <span class='ocrx_word' id='word_1_189' title='bbox 1278 2210 1520 2250; x_wconf 90' lang='lat' dir='ltr'>nominavit</span> <span class='ocrx_word' id='word_1_190' title='bbox 1566 2209 1707 2249; x_wconf 91' lang='lat' dir='ltr'>virum</span> 
     </span>
     <span class='ocr_line' id='line_1_27' title="bbox 213 2286 1708 2341; baseline -0.001 -13"><span class='ocrx_word' id='word_1_191' title='bbox 213 2287 442 2337; x_wconf 89' lang='lat' dir='ltr'>Batavum,</span> <span class='ocrx_word' id='word_1_192' title='bbox 501 2293 697 2329; x_wconf 87' lang='lat' dir='ltr'>attamen</span> <span class='ocrx_word' id='word_1_193' title='bbox 750 2287 808 2328; x_wconf 88' lang='lat' dir='ltr'>ad</span> <span class='ocrx_word' id='word_1_194' title='bbox 866 2287 1002 2327; x_wconf 90' lang='lat' dir='ltr'>verba</span> <span class='ocrx_word' id='word_1_195' title='bbox 1059 2286 1147 2326; x_wconf 88' lang='lat' dir='ltr'>fere</span> <span class='ocrx_word' id='word_1_196' title='bbox 1199 2287 1431 2340; x_wconf 90' lang='lat' dir='ltr'>exscripsit</span> <span class='ocrx_word' id='word_1_197' title='bbox 1478 2300 1591 2341; x_wconf 91' lang='lat' dir='ltr'>quae</span> <span class='ocrx_word' id='word_1_198' title='bbox 1638 2286 1708 2327; x_wconf 91' lang='lat' dir='ltr'>ille</span> 
     </span>
     <span class='ocr_line' id='line_1_28' title="bbox 212 2363 1708 2418; baseline -0.001 -14"><span class='ocrx_word' id='word_1_199' title='bbox 212 2365 446 2418; x_wconf 89' lang='lat' dir='ltr'>scripserat</span> <span class='ocrx_word' id='word_1_200' title='bbox 492 2364 548 2406; x_wconf 92' lang='grc'><strong>1.1.</strong></span> <span class='ocrx_word' id='word_1_201' title='bbox 593 2364 930 2406; x_wconf 88' lang='lat' dir='ltr'>Advertendum</span> <span class='ocrx_word' id='word_1_202' title='bbox 972 2370 1119 2405; x_wconf 92' lang='lat' dir='ltr'>autem</span> <span class='ocrx_word' id='word_1_203' title='bbox 1152 2363 1265 2404; x_wconf 93' lang='lat' dir='ltr'>duco</span> <span class='ocrx_word' id='word_1_204' title='bbox 1297 2363 1620 2403; x_wconf 89' lang='lat' dir='ltr'>Mommsenum</span> <span class='ocrx_word' id='word_1_205' title='bbox 1653 2363 1708 2404; x_wconf 92' lang='lat' dir='ltr'>de</span> 
     </span>
     <span class='ocr_line' id='line_1_29' title="bbox 212 2440 1709 2494; baseline 0 -13"><span class='ocrx_word' id='word_1_206' title='bbox 212 2441 424 2483; x_wconf 90' lang='lat' dir='ltr'>industria</span> <span class='ocrx_word' id='word_1_207' title='bbox 455 2441 675 2483; x_wconf 89' lang='lat' dir='ltr'>addidisse</span> <span class='ocrx_word' id='word_1_208' title='bbox 708 2441 836 2491; x_wconf 82' lang='lat' dir='ltr'>„dass</span> <span class='ocrx_word' id='word_1_209' title='bbox 863 2441 933 2482; x_wconf 89' lang='lat' dir='ltr'>die</span> <span class='ocrx_word' id='word_1_210' title='bbox 962 2441 1198 2481; x_wconf 80' lang='lat' dir='ltr'>Romische</span> <span class='ocrx_word' id='word_1_211' title='bbox 1226 2440 1345 2481; x_wconf 90' lang='lat' dir='ltr'>Ehre</span> <span class='ocrx_word' id='word_1_212' title='bbox 1363 2441 1456 2481; x_wconf 92' lang='lat' dir='ltr'>ihre</span> <span class='ocrx_word' id='word_1_213' title='bbox 1474 2441 1709 2494; x_wconf 87' lang='lat' dir='ltr'>Befreiung</span> 
     </span>
     <span class='ocr_line' id='line_1_30' title="bbox 212 2517 1707 2573; baseline -0.001 -14"><span class='ocrx_word' id='word_1_214' title='bbox 212 2518 460 2572; x_wconf 85' lang='lat' dir='ltr'>verlange&#39;&#39;.</span> <span class='ocrx_word' id='word_1_215' title='bbox 495 2519 595 2559; x_wconf 92' lang='lat' dir='ltr'>Non</span> <span class='ocrx_word' id='word_1_216' title='bbox 629 2519 760 2572; x_wconf 85' lang='lat' dir='ltr'>igitur</span> <span class='ocrx_word' id='word_1_217' title='bbox 786 2524 995 2573; x_wconf 88' lang='lat' dir='ltr'>tanquam</span> <span class='ocrx_word' id='word_1_218' title='bbox 1023 2519 1205 2558; x_wconf 90' lang='lat' dir='ltr'>miseros</span> <span class='ocrx_word' id='word_1_219' title='bbox 1232 2517 1443 2568; x_wconf 89' lang='lat' dir='ltr'>homines,</span> <span class='ocrx_word' id='word_1_220' title='bbox 1462 2519 1538 2559; x_wconf 93' lang='lat' dir='ltr'>sed</span> <span class='ocrx_word' id='word_1_221' title='bbox 1555 2532 1707 2573; x_wconf 92' lang='lat' dir='ltr'>quem—</span> 
     </span>
     <span class='ocr_line' id='line_1_31' title="bbox 213 2595 1707 2650; baseline 0 -14"><span class='ocrx_word' id='word_1_222' title='bbox 213 2596 452 2637; x_wconf 90' lang='lat' dir='ltr'>admodum</span> <span class='ocrx_word' id='word_1_223' title='bbox 489 2597 640 2638; x_wconf 92' lang='lat' dir='ltr'>hostes</span> <span class='ocrx_word' id='word_1_224' title='bbox 671 2597 728 2637; x_wconf 92' lang='lat' dir='ltr'>ab</span> <span class='ocrx_word' id='word_1_225' title='bbox 759 2596 958 2637; x_wconf 90' lang='lat' dir='ltr'>hostibus</span> <span class='ocrx_word' id='word_1_226' title='bbox 989 2595 1114 2649; x_wconf 86' lang='lat' dir='ltr'>signa</span> <span class='ocrx_word' id='word_1_227' title='bbox 1144 2602 1277 2650; x_wconf 91' lang='lat' dir='ltr'>atque</span> <span class='ocrx_word' id='word_1_228' title='bbox 1307 2596 1476 2650; x_wconf 88' lang='lat' dir='ltr'>aquilas</span> <span class='ocrx_word' id='word_1_229' title='bbox 1509 2602 1707 2649; x_wconf 90' lang='lat' dir='ltr'>repetere</span> 
     </span>
     <span class='ocr_line' id='line_1_32' title="bbox 212 2672 1705 2728; baseline -0.001 -15"><span class='ocrx_word' id='word_1_230' title='bbox 212 2672 366 2728; x_wconf 84' lang='lat' dir='ltr'>solent,</span> <span class='ocrx_word' id='word_1_231' title='bbox 413 2674 474 2715; x_wconf 91' lang='lat' dir='ltr'>ita</span> <span class='ocrx_word' id='word_1_232' title='bbox 520 2674 579 2714; x_wconf 90' lang='lat' dir='ltr'>illi</span> <span class='ocrx_word' id='word_1_233' title='bbox 625 2687 737 2727; x_wconf 90' lang='lat' dir='ltr'>quos</span> <span class='ocrx_word' id='word_1_234' title='bbox 785 2672 912 2713; x_wconf 90' lang='lat' dir='ltr'>finxit</span> <span class='ocrx_word' id='word_1_235' title='bbox 958 2673 1022 2712; x_wconf 89' lang='lat' dir='ltr'>vir</span> <span class='ocrx_word' id='word_1_236' title='bbox 1068 2672 1344 2713; x_wconf 88' lang='lat' dir='ltr'>doctissimus</span> <span class='ocrx_word' id='word_1_237' title='bbox 1391 2672 1472 2713; x_wconf 89' lang='lat' dir='ltr'>viri</span> <span class='ocrx_word' id='word_1_238' title='bbox 1515 2672 1705 2714; x_wconf 90' lang='lat' dir='ltr'>Romani</span> 
     </span>
    </p>
   </div>
   <div class='ocr_carea' id='block_1_3' title="bbox 265 2837 541 2883">
    <p class='ocr_par' dir='ltr' id='par_1_5' title="bbox 265 2837 541 2883">
     <span class='ocr_line' id='line_1_33' title="bbox 265 2837 541 2883; baseline 0 -11"><span class='ocrx_word' id='word_1_239' title='bbox 265 2839 298 2882; x_wconf 93' lang='lat'>1)</span> <span class='ocrx_word' id='word_1_240' title='bbox 322 2838 411 2882; x_wconf 84' lang='lat' dir='ltr'>Pag.</span> <span class='ocrx_word' id='word_1_241' title='bbox 438 2837 541 2883; x_wconf 89' lang='lat'>8—9.</span> 
     </span>
    </p>
   </div>
  </div>
 </body>
</html>
