1955 3157
876 239 957 278 140

166 361 310 417 (quale
346 361 496 403 fuisset
527 359 686 415 Reguli
719 359 882 400 factum
915 358 950 398 si
983 358 1037 398 de
1069 356 1252 411 captivis
1284 356 1403 410 quod
1434 355 1514 396 sibi
1547 369 1657 409 opus

164 454 258 481 esse
299 439 532 493 videretur,
575 452 662 479 non
695 437 813 491 quod
845 435 1109 490 reipublicae
1141 433 1409 488 censuisset),
1444 446 1531 474 non
1563 446 1657 474 esse

164 517 298 569 utilia,
331 517 434 572 quia
464 521 564 556 sunt
597 515 826 567 flagitiosa,
849 513 1001 566 foeda,
1036 509 1226 565 turpz'a''.

224 594 270 636 Si
302 593 470 635 Tullius
497 593 540 633 in
557 592 632 634 tali
651 589 1041 645 argumentationis
1059 588 1224 638 ordine,
1244 590 1287 630 et
1305 587 1462 642 Reguli
1480 587 1657 636 factum,

162 675 206 714 et
239 672 424 714 Senatus
452 669 662 711 adversus
690 667 985 709 Hannibalem
1012 667 1303 707 constantiam
1331 672 1463 720 atque
1481 678 1659 719 respon-

162 763 258 790 sum
315 748 442 789 simul
495 752 824 796 commemorat,
874 745 1093 786 contraria
1140 757 1245 784 vero
1293 743 1438 783 verbis
1486 742 1656 792 ‚,s0eda,

162 826 334 881 turpia”
354 825 386 879 1)
415 825 613 879 castigat,
643 837 730 864 non
758 823 893 863 miror
919 822 1068 875 utique
1096 820 1213 874 quod
1232 826 1364 874 poeta
1380 820 1565 861 eandem
1582 818 1659 860 ad-

162 904 304 945 hibuit
336 901 776 956 argumentationem,
810 905 858 941 ut
891 898 1019 940 illud:
1056 904 1158 948 „aut
1190 898 1362 938 vincere
1389 903 1465 938 aut
1492 898 1657 938 emori''

163 983 432 1022 iuventutem
460 979 651 1020 doceret.
678 977 864 1019 Senatus
882 982 1028 1018 autem
1047 976 1276 1027 sententia,
1295 988 1382 1030 qua
1400 974 1658 1015 Hannibalis

163 1059 323 1113 captivi
356 1063 497 1098 morte
529 1061 755 1105 voventur,
790 1054 847 1095 ab
880 1054 1067 1095 Horatio
1099 1053 1302 1094 tribuitur
1334 1052 1518 1106 Regulo.

222 1136 501 1189 Quamquam
536 1134 578 1173 in
610 1132 758 1173 fabula
783 1131 856 1172 illa
882 1131 1015 1184 vulgo
1042 1143 1129 1171 non
1159 1129 1347 1171 traditur
1373 1129 1416 1169 in
1434 1129 1660 1169 Romanos

163 1227 188 1253 a
221 1211 653 1265 Carthaginiensibus
683 1209 944 1263 supplicium
961 1208 1091 1249 fuisse
1109 1208 1347 1256 decretum,
1366 1207 1447 1246 nisi
1465 1206 1660 1260 Regulus

164 1290 354 1331 efficeret
386 1295 432 1330 ut
465 1290 659 1342 ipsorum
692 1287 853 1341 captivi
886 1285 1170 1343 redderentur

594 1391 878 1426 »Dissentientis
904 1389 1186 1425 condicionibus

591 1451 726 1485 Foedis
751 1456 787 1484 et
813 1449 984 1495 exemplo
1010 1449 1192 1484 trahentis

593 1511 799 1545 Perniciem
827 1510 980 1544 veniens
1007 1510 1044 1543 in
1068 1520 1206 1543 aevum

591 1570 629 1604 Si
655 1580 730 1603 non
755 1569 891 1615 periret
916 1568 1194 1603 immiserabilis
1221 1588 1264 1591 —

592 1629 755 1675 Captiva
780 1629 924 1675 pubes'’

165 1741 221 1746 --
272 1722 346 1765 „ut
393 1720 507 1756 esset
554 1715 731 1755 insitum
779 1713 989 1754 militibus
1035 1713 1196 1754 nostris
1243 1718 1319 1753 aut
1364 1712 1537 1752 vincere
1585 1717 1661 1752 aut

166 1793 331 1834 emori''
367 1792 569 1846 (Cicero).

225 1871 338 1911 Dein
386 1870 596 1911 Horatius
640 1868 797 1922 Reguli
840 1867 1092 1922 exemplum
1134 1866 1488 1908 honestissimum
1531 1864 1660 1907 latius

165 1948 385 1989 describit.
421 1948 612 1988 Primum
646 1947 689 1986 in
722 1952 847 2000 parte
879 1945 1046 1999 reliqua
1077 1945 1286 1985 orationis
1314 1944 1449 1985 fusius
1477 1943 1661 1997 exponit

168 2026 369 2075 rationes,
418 2025 476 2065 ob
518 2038 628 2079 quas
676 2030 818 2065 morte
866 2023 1103 2064 mulctandi
1152 2036 1239 2063 non
1288 2021 1527 2063 redimendi
1575 2021 1662 2062 sint

166 2103 325 2144 milites
356 2102 517 2156 captivi
549 2125 608 2131 --
640 2100 770 2154 idque
801 2100 1105 2141 venustissime
1137 2106 1181 2140 et
1214 2099 1438 2153 aptissime
1469 2121 1527 2127 —-

596 2195 719 2229 »Auro
746 2205 925 2240 repensus
950 2194 1090 2228 scilicet
1114 2193 1234 2228 acrior

593 2254 701 2288 Miles
726 2254 861 2288 redibit
886 2253 1027 2297 flagitio
1052 2253 1190 2287 additis

687 2314 896 2347 Damnum!
925 2324 955 2347 e.
982 2324 1018 2358 q.
1045 2314 1107 2347 εἶ’.

228 2398 426 2438 Tandem
475 2398 707 2451 postremis
754 2403 961 2451 quattuor
1008 2395 1199 2450 strophis
1247 2396 1417 2449 poetice
1464 2393 1661 2448 depingit

169 2483 299 2530 atque
332 2475 503 2517 extollit
536 2475 678 2529 ipsum
711 2475 936 2515 doctrinae
968 2487 1072 2514 suae
1106 2473 1345 2527 exemplar.

229 2553 296 2593 De
329 2553 395 2593 his
426 2566 530 2593 vero
562 2553 673 2593 inter
705 2551 939 2604 scriptores
971 2550 1088 2591 nulla
1119 2557 1186 2591 est
1217 2549 1441 2590 dissensio.
1475 2548 1574 2601 Qua
1604 2547 1659 2588 de

169 2642 301 2670 causa
332 2629 433 2670 licet
465 2642 517 2669 ea
549 2629 735 2669 mittere.

223 2746 254 2789 1)
280 2745 404 2779 Isdem
430 2746 541 2791 plane
567 2745 704 2790 quibus
730 2745 845 2778 utitur
871 2744 1061 2778 Horatius.
