1955 3157
447 1904 488 1928 10

446 2235 484 2272 15

442 2570 488 2594 20

775 874 1077 945 CAPUT
1127 874 1202 942 V.

787 1150 1077 1206 CARMEN
1116 1151 1173 1202 V.

585 1286 700 1320 Caelo
726 1291 917 1321 tonantem
945 1286 1174 1321 credidimus
1200 1287 1329 1321 Iovem

585 1347 775 1391 Regnare:
803 1356 980 1391 praesens
1006 1346 1117 1380 divus
1142 1345 1347 1380 habebitur

632 1406 825 1449 Augustus
850 1405 1006 1440 adiectis
1031 1405 1221 1439 Britannis

679 1465 841 1510 Imperio
867 1464 1122 1510 gravibusque
1148 1464 1280 1499 Persis.

583 1560 738 1594 Milesne
765 1560 891 1595 Crassi
917 1560 1076 1605 coniuge
1102 1560 1266 1594 barbara

582 1620 720 1666 Turpis
747 1620 904 1654 maritus
930 1620 1021 1654 vixit
1045 1626 1082 1655 et
1108 1620 1273 1655 hostium

629 1680 716 1723 (Pro
741 1679 857 1721 curia,
882 1679 1096 1725 inversique
1121 1691 1244 1714 mores
1255 1681 1279 1724 ἔ)

677 1739 883 1774 Consenuit
909 1750 1124 1774 socerorum
1150 1739 1187 1774 in
1216 1739 1344 1781 armis,

585 1834 663 1869 Sub
690 1845 776 1879 rege
802 1833 914 1868 Medo
939 1835 1088 1869 Marsus
1113 1840 1150 1868 et
1175 1833 1360 1879 Appulus,

584 1894 817 1929 Anciliorurn
844 1899 879 1928 et
905 1893 1068 1928 nominis
1094 1898 1129 1928 et
1156 1899 1265 1937 togae

632 1953 782 1988 Oblitus
808 1959 1058 1998 aeternaeque
1088 1953 1234 1993 Vestae,

678 2013 862 2047 Incolumi
890 2014 977 2047 Iove
1003 2018 1039 2047 et
1066 2013 1159 2047 urbe
1184 2012 1332 2046 Roma?

586 2108 668 2141 Hoc
694 2113 847 2142 caverat
872 2117 978 2141 mens
1004 2106 1163 2152 provida
1189 2106 1325 2150 Reguli

583 2167 846 2202 Dissentientis
871 2166 1156 2201 condicionibus

630 2226 767 2261 Foedis
793 2232 829 2260 et
854 2225 1025 2271 exemplo
1052 2225 1216 2260 trahenti

678 2286 884 2320 Perniciem
911 2285 1065 2320 veniens
1103 2296 1128 2319 n
1153 2295 1304 2327 aevum,

583 2381 621 2416 Si
647 2392 722 2415 non
748 2381 888 2427 perires
914 2380 1205 2422 immiserabilis,

585 2441 747 2487 Captiva
773 2440 904 2486 pubes.
932 2440 1069 2484 »Signa
1094 2450 1163 2483 ego
1190 2438 1338 2473 Punicis

631 2500 753 2534 Affixa
779 2499 947 2533 delubris
972 2504 1008 2533 et
1034 2509 1141 2533 arma

678 2559 862 2593 Militibus
886 2558 966 2593 sine
991 2557 1129 2592 caede”
1156 2557 1249 2592 dixit

588 2655 776 2699 »Derepta
801 2653 892 2696 vidi,
918 2652 997 2687 vidi
1023 2663 1092 2697 ego
1117 2652 1258 2687 civium

585 2715 741 2748 Retorta
767 2719 871 2757 tergo
898 2712 1076 2747 bracchia
1100 2712 1220 2746 libero

633 2774 839 2817 Portasque
865 2783 940 2806 non
967 2772 1114 2806 clausas
1139 2778 1176 2806 et
1200 2783 1293 2806 arva

679 2832 800 2866 Marte
827 2831 898 2866 coli
924 2831 1106 2877 populata
1129 2838 1268 2866 nostro.
