1955 3157
868 258 946 309 178

877 420 932 463 V.

227 558 403 601 Contra
443 556 723 613 Nipperdey,
772 556 1015 598 Furneaux
1058 555 1265 611 aliosque
1297 556 1552 611 putandum
1586 561 1656 597 est

167 640 438 682 miraculum
467 666 521 670 —
548 639 717 681 Annal.
741 639 857 690 XIII,
885 650 956 692 41.
973 664 1031 668 —
1054 652 1080 679 a
1106 637 1269 680 Tacito
1298 637 1526 689 traditum,
1546 637 1655 679 solis

167 722 308 764 fuisse
341 723 585 774 defectum,
619 735 755 777 quem
788 720 933 776 pridie
966 721 1188 763 kalendas
1221 720 1369 763 Maias
1402 722 1459 775 (a.
1491 721 1548 762 D.
1583 721 1656 774 59)

170 818 272 846 esse
302 805 474 846 factum
508 811 670 846 auctor
702 809 771 845 est
802 803 977 845 Plinius
1012 829 1064 833 —-
1098 804 1152 846 N.
1187 804 1245 845 H.
1279 804 1331 845 ΙΙ.
1364 813 1433 856 70,
1472 803 1566 845 180.
1601 827 1654 831 -

874 988 949 1031 VI.

226 1122 338 1164 Tac.
371 1121 540 1163 Annal.
569 1122 668 1174 XV,
696 1135 754 1176 44
782 1129 905 1165 recte
934 1123 1177 1179 explicavit
1205 1123 1343 1166 Carlo
1371 1125 1536 1166 Pascal
1553 1139 1594 1166 v.
1613 1125 1655 1167 d.

167 1231 223 1235 —
258 1204 376 1246 Fatti
409 1219 433 1246 e
466 1205 698 1262 leggende
731 1205 776 1247 di
809 1206 957 1248 Roma
989 1205 1156 1248 antica.
1189 1218 1298 1260 1903
1327 1220 1434 1264 pag.
1468 1208 1546 1260 185
1574 1222 1655 1249 —z

170 1288 313 1339 „Che,
351 1289 477 1330 nella
507 1291 658 1330 mente
690 1288 740 1330 di
779 1289 947 1341 Tacito,
980 1288 994 1330 i
1028 1289 1256 1345 colpevoli
1289 1289 1334 1331 di
1366 1304 1502 1332 avere
1530 1289 1657 1345 appi-

169 1377 273 1412 cato
305 1372 346 1412 16
378 1371 562 1413 flamme
594 1372 772 1414 tossero
801 1371 814 1413 i
843 1372 1105 1424 Christiani,
1134 1372 1162 1414 il
1182 1373 1422 1428 colpevole
1440 1373 1483 1415 di
1502 1374 1656 1415 averlo

169 1453 380 1496 ordinato
412 1455 536 1495 fosse
568 1454 798 1496 Nerone.‘'

863 1639 959 1681 VII.

228 1760 449 1803 Rationes
482 1761 648 1817 quibus
681 1763 864 1805 Kukula
896 1778 937 1805 v.
971 1764 1013 1805 d.
1049 1790 1102 1794 —
1137 1763 1384 1807 Ro‘mische
1418 1764 1658 1807 Saecular-

170 1843 329 1899 poesie
366 1855 471 1898 1911
511 1870 565 1874 —
592 1859 741 1900 nuper
768 1846 1085 1889 demonstrare
1115 1854 1310 1890 conatus
1329 1854 1398 1890 est
1414 1847 1657 1890 Horatium

171 1926 365 1968 consilia
407 1928 697 1982 quorundam
740 1930 860 1971 mala
898 1930 956 1972 ad
987 1944 1084 1972 rem
1116 1930 1349 1986 publicam
1381 1930 1659 1986 pertinentia

172 2009 508 2064 vituperantem
579 2010 939 2067 illudentemque
1002 2012 1264 2070 significare
1325 2014 1491 2069 Epodo
1552 2014 1658 2056 XVI

172 2098 331 2147 utpote
362 2093 478 2134 falso
511 2092 710 2136 nitentes
741 2095 1043 2137 fundamento
1077 2095 1337 2139 reiciendae
1370 2103 1490 2139 sunt.

852 2277 968 2320 VIII.

233 2409 457 2466 Lygdami
489 2410 619 2467 Eleg.
652 2412 684 2453 Ι.
722 2423 905 2467 ΙΙ-Ι4,

296 2502 606 2559 »Summaque
638 2513 875 2561 praetexat
907 2508 1057 2550 tenuis
1094 2509 1277 2567 fastigia
1308 2510 1497 2553 chartae

292 2584 468 2627 Indicet
500 2593 548 2628 ut
579 2600 751 2630 nomen
783 2588 931 2631 littera
962 2591 1084 2632 facta
1115 2605 1269 2633 meum

292 2667 447 2722 Atque
479 2667 598 2710 inter
627 2670 838 2727 geminas
870 2671 1123 2730 pingantur
1156 2687 1331 2716 cornua
1356 2675 1530 2717 frontes

294 2747 371 2790 Sic
404 2750 573 2792 etenim
607 2759 843 2808 comptum
876 2754 1053 2797 mittere
1087 2762 1268 2811 oportet
1299 2758 1461 2812 opus.''

237 2866 290 2871 —
323 2843 412 2885 Pro
444 2845 632 2887 chartae
663 2847 912 2904 legendum
946 2856 1015 2890 est
1045 2849 1221 2893 charta.
