1955 3157
969 286 1048 316 102

265 422 352 450 von
394 407 716 449 Rauchenstein
759 421 810 447 zu
851 405 1061 458 erhalten,
1105 404 1174 445 die
1218 403 1358 445 dieser
1395 402 1522 453 doch,
1558 402 1635 444 auf
1661 402 1756 443 eine

265 486 516 528 bestimmte
549 484 731 538 Gruppe
762 497 848 524 von
876 482 1036 525 Stellen
1073 487 1277 536 gestutzt,
1307 494 1356 521 so
1373 486 1467 522 nett
1484 479 1572 521 und
1588 479 1756 534 logisch

266 562 516 605 entwickelt
547 561 713 603 hatte.’'

326 641 449 681 Haec
501 645 602 680 sunt
646 638 896 687 verissima;
945 642 1077 690 atque
1124 634 1239 675 idem
1282 647 1459 688 prorsus
1506 633 1758 687 saepissime

267 718 353 758 iam
386 723 594 771 expertus
626 729 734 757 sum.
770 714 901 755 Omni
934 714 1065 767 igitur
1097 726 1232 765 opera
1258 711 1501 752 cavendum
1519 724 1613 751 esse
1631 710 1758 762 duco,

269 809 322 835 ne
354 794 459 849 quid
495 795 539 834 in
571 800 720 834 nostra
746 791 1108 844 interpretatione
1136 789 1391 843 prudentius
1418 801 1550 842 quarn
1578 787 1759 841 aequius

269 878 606 926 praetereamus,
665 868 785 924 quod
842 881 940 908 cum
987 873 1137 908 nostra
1183 866 1493 920 explanatione
1539 864 1759 905 conciliari

270 962 357 989 non
389 948 539 1002 possit.

329 1025 504 1066 Nullam
547 1037 651 1065 vero
683 1023 889 1064 existimo
921 1021 1327 1074 interpretationem
1360 1020 1453 1060 dari
1487 1032 1614 1072 posse
1646 1032 1759 1073 quae

269 1103 328 1143 illi
360 1102 598 1143 conditioni
624 1100 864 1142 satisfaciat
891 1099 969 1139 nisi
987 1098 1228 1152 simplicem
1246 1098 1379 1138 immo
1397 1096 1760 1150 simplicissimam

270 1180 502 1234 quandam,
548 1203 601 1207 -
640 1191 773 1232 quam
809 1177 952 1231 patrio
984 1188 1183 1216 sermone
1215 1174 1357 1215 dicas:
1392 1187 1501 1223 „een
1533 1172 1761 1227 argelooze

272 1255 546 1310 verklaring''
567 1255 613 1305 1).

390 1400 427 1428 c.
459 1386 526 1426 De
557 1385 626 1435 iis,
660 1385 740 1438 qui
766 1384 830 1424 ad
856 1382 1035 1424 verbum
1067 1382 1178 1423 hanc
1196 1388 1372 1435 partem
1401 1381 1759 1434 interpretantur.

332 1494 448 1534 Inter
485 1493 731 1545 scriptores,
765 1504 878 1544 quae
908 1489 1025 1530 tertii
1057 1489 1229 1542 generis
1260 1502 1354 1529 esse
1386 1488 1510 1529 nobis
1543 1486 1757 1541 videntur,

273 1584 361 1611 non
392 1583 543 1610 omnes
576 1569 725 1622 utique
757 1567 872 1608 idem
905 1567 1109 1608 sentiunt.

333 1648 502 1688 Primus
559 1644 848 1686 nominandus
905 1650 971 1684 est
1028 1643 1303 1684 doctissimus
1359 1642 1424 1683 vir
1471 1642 1760 1694 Niemeyerus

275 1725 550 1765 Mommseno
582 1722 862 1763 vehementer
894 1721 937 1761 in
970 1721 1052 1761 hac
1086 1734 1130 1761 re
1163 1720 1417 1760 adversatus
1435 1720 1480 1773 2).

337 1801 434 1851 „Da
465 1801 521 1840 ist
552 1799 760 1840 zunachst
791 1813 842 1839 zu
869 1811 1018 1851 sagen,
1047 1798 1148 1838 dasz
1175 1797 1287 1849 Juno
1315 1796 1392 1837 auf
1404 1797 1524 1837 diese
1542 1796 1764 1836 Weise—

275 1878 466 1920 vetando
497 1889 653 1929 nempe
685 1889 799 1930 quae
829 1876 969 1916 vetuit
1000 1899 1052 1904 —
1083 1875 1207 1915 ihren
1234 1873 1512 1927 mythischen
1541 1872 1763 1913 Karakter

275 1954 409 2008 vollig
454 1961 549 1995 treu
596 1953 746 2006 bleibt,
793 1953 854 1993 sie
901 1952 1027 1993 haszt
1070 1951 1203 1992 Troia
1244 1951 1323 1991 mit
1355 1949 1763 1991 unversohnlichem

277 2031 406 2080 Hasz,
441 2030 535 2071 weil
567 2031 629 2071 sie
661 2030 798 2071 durch
825 2029 902 2070 das
930 2028 1072 2070 Urteil
1100 2028 1177 2068 des
1205 2028 1325 2068 Paris
1352 2026 1536 2068 todtlich
1558 2025 1765 2079 beleidigt

278 2109 347 2149 ist.
393 2132 451 2137 —
497 2107 633 2148 Nicht
674 2106 766 2148 also
810 2107 880 2147 die
911 2106 1089 2147 Latiner
1120 2105 1256 2145 sollen
1288 2105 1441 2156 Troer,
1474 2103 1663 2144 sondern
1695 2102 1766 2143 die

278 2186 418 2226 Troer
449 2185 628 2226 Latiner
659 2184 845 2233 werden,
880 2182 1000 2224 nicht
1032 2183 1101 2223 ein
1133 2196 1264 2222 neues
1291 2182 1425 2221 Troia
1452 2180 1531 2221 soll
1551 2181 1593 2220 in
1612 2180 1765 2221 Italien

280 2262 494 2312 erstehen,
543 2261 732 2302 sondern
779 2261 909 2310 Rom,
958 2260 1051 2300 eine
1096 2259 1346 2300 Latinische
1389 2258 1530 2307 Stadt,
1573 2256 1767 2310 machtig

280 2340 418 2380 durch
465 2338 667 2379 Italische
713 2337 982 2391 Tapferkeit.
1031 2336 1186 2377 Worte
1233 2335 1394 2376 welche
1435 2335 1550 2375 ohne
1590 2332 1766 2374 Zweifel

281 2416 382 2456 dem
429 2414 745 2456 Nationalstolz
782 2414 859 2454 der
891 2414 1202 2467 Zeitgenossen
1234 2413 1312 2453 des
1344 2412 1548 2452 Dichters
1580 2424 1657 2452 aus
1689 2411 1766 2451 der

283 2492 406 2534 Seele
438 2491 710 2545 gesprochen
743 2491 930 2531 waren.''
960 2491 1199 2531 Existimat
1226 2496 1373 2530 autem
1399 2489 1464 2529 vir
1490 2488 1765 2528 doctissimus

283 2570 493 2610 Iunonem
540 2568 649 2608 haec
695 2581 790 2608 esse
836 2568 1025 2608 locutam
1073 2580 1159 2607 non
1207 2573 1309 2608 ante
1348 2565 1426 2606 sed
1468 2571 1568 2618 post
1599 2564 1766 2606 Urbem

286 2644 531 2694 Conditam,
561 2652 654 2686 tum
682 2658 781 2685 cum
813 2644 1026 2685 Romulus
1053 2650 1321 2684 consecratus
1345 2649 1417 2682 est.
1437 2642 1496 2683 Et
1514 2641 1762 2689 rectissime,

338 2805 370 2847 1)
396 2802 451 2838 Cf.
479 2803 574 2837 infra
600 2814 683 2848 pag.
715 2811 777 2847 105
794 2814 875 2848 sqq.

335 2882 370 2923 2)
397 2879 451 2913 Cf.
480 2880 529 2914 1.1.
555 2890 639 2925 pag.
666 2888 721 2922 70.
