1955 3157
899 254 956 294 40

187 382 353 417 sextae.
388 374 514 428 Quae
546 374 740 415 virorum
772 374 1003 415 doctorum
1038 373 1404 427 disputationibus
1436 372 1546 412 adeo
1577 378 1679 413 sunt

187 453 460 502 obscuratae,
493 451 753 505 implicatae,
784 457 830 492 ut
858 464 1018 504 magno
1047 450 1191 491 studio
1219 463 1348 490 omne
1365 448 1678 503 praeiudicium

188 531 244 571 sit
270 530 420 570 sedulo
438 529 730 570 amovendum
748 534 985 582 antequam
1003 534 1277 569 transeamus
1295 527 1349 567 ad
1367 527 1679 567 sententiarum

189 607 583 660 investigationem.

248 683 382 738 Spem
424 689 595 725 tantum
638 695 725 722 non
768 682 909 723 aufert
947 682 1072 722 nobis
1104 681 1168 722 vir
1199 680 1270 721 ille
1303 681 1469 734 optime
1501 680 1680 721 meritus

190 762 265 816 qui
298 761 417 810 „Der
449 760 532 800 viel
566 759 885 812 interpretierte
918 758 1066 799 Horaz
1097 759 1193 799 tritt
1225 758 1303 799 mit
1335 757 1472 799 zuviel
1500 756 1681 811 Gepack

191 853 247 879 an
285 839 432 878 seinen
464 837 670 889 heutigen
703 836 868 876 Lesern
900 835 1048 876 heran.
1084 835 1146 876 Es
1177 835 1335 889 gehort
1367 836 1461 875 eine
1495 834 1682 888 kraftige

192 915 280 956 und
328 921 461 956 etwas
509 913 846 954 rucksichtslose
888 913 1030 953 Natur
1073 913 1195 966 dazu,
1239 912 1330 952 sich
1363 912 1500 953 durch
1534 912 1682 952 diesen

192 992 367 1032 Haufen
409 990 751 1044 ausgestapelter
795 990 1130 1043 Bemerkungen
1174 989 1238 1029 bis
1281 1004 1332 1030 zu
1372 989 1526 1029 Horaz
1556 987 1686 1029 selbst

193 1069 318 1110 Bahn
351 1083 401 1108 zu
434 1067 659 1109 machen.”

253 1145 467 1187 Attamen
499 1151 641 1186 macte
673 1145 846 1185 virtute.

313 1290 351 1318 a.
384 1276 451 1316 De
483 1275 540 1316 z'z’s
571 1275 651 1329 qui
678 1275 888 1316 virtutem
922 1273 1117 1314 bellicam
1151 1273 1347 1313 indicari
1366 1280 1540 1327 putant.

255 1390 429 1431 Initium
477 1403 699 1430 sumamus
747 1389 803 1429 ab
846 1389 896 1428 iis
937 1389 1011 1442 qui
1054 1401 1131 1441 per
1163 1400 1316 1428 vocem
1349 1386 1522 1428 virtutis
1544 1385 1686 1438 forti-

196 1467 389 1508 tudinem
438 1466 615 1507 indicari
664 1466 895 1520 perhibent
942 1472 990 1506 ut
1035 1471 1136 1505 sunt
1182 1464 1493 1512 Mommsenus,
1540 1463 1687 1503 Kiess-

197 1545 366 1598 lingius‚
414 1543 695 1598 aliquomodo
742 1543 946 1596 Jurenka,
996 1556 1129 1595 porro
1177 1542 1247 1582 Fr.
1291 1540 1636 1581 Heidenhainius
1655 1539 1687 1593 1)

198 1623 240 1662 in
273 1621 533 1662 refutatione
566 1634 698 1675 quam
733 1620 903 1673 scripsit
936 1620 1142 1659 adversus
1175 1619 1228 1659 R.
1264 1619 1459 1659 Riesium
1477 1616 1520 1670 2),
1553 1617 1636 1659 alii.

257 1699 320 1740 Ut
346 1704 463 1739 recte
492 1698 725 1738 reddamus
754 1696 966 1737 audacem
989 1695 1249 1736 Mommseni
1268 1694 1685 1748 interpretationem,

198 1777 415 1829 integrum
458 1774 592 1815 ferme
634 1773 777 1814 locum
818 1797 876 1802 —-
907 1779 1119 1827 quantum
1153 1785 1329 1812 necesse
1361 1778 1427 1812 est
1459 1795 1516 1801 —-
1547 1777 1688 1812 trans-

198 1853 474 1893 scribendum
522 1865 615 1892 esse
658 1851 875 1892 existimo.
921 1850 1019 1904 Ipse
1061 1851 1126 1890 vir
1167 1849 1475 1890 celeberrimus
1507 1849 1550 1888 in
1581 1848 1688 1888 duas

198 1936 369 1971 tantum
416 1935 563 1983 partes
605 1952 662 1958 —
703 1928 822 1982 quod
864 1928 1019 1968 attinet
1060 1927 1116 1967 ad
1158 1927 1418 1968 sententiam
1455 1950 1512 1955 -—
1545 1925 1689 1966 divisit

199 2021 374 2048 carmen
407 2005 659 2059 secundum,
692 2018 876 2059 quarum
904 2004 1040 2044 altera
1068 2005 1123 2044 ab
1150 2005 1271 2044 initio
1289 2017 1425 2058 usque
1442 2003 1498 2043 ad
1516 2015 1689 2043 versum

200 2085 456 2138 vigesimum
504 2084 705 2137 quintum
747 2096 827 2122 sex
873 2082 1068 2123 continet
1100 2081 1317 2134 strophas,
1353 2080 1490 2122 altera
1522 2080 1690 2120 duabus

201 2162 408 2202 extremis
441 2160 691 2202 absolvitur.
1450 2157 1452 2159 ’

263 2239 383 2287 „Das
430 2237 633 2291 folgende
681 2236 872 2277 Gedicht
924 2237 1057 2289 preist
1104 2234 1312 2276 ebenfalls
1359 2234 1573 2287 algemein
1620 2233 1690 2274 die

202 2316 460 2369 Tapferkeit
502 2314 590 2354 und
632 2315 701 2354 die
735 2313 1177 2362 Rechtschaffenheit,
1211 2313 1315 2353 aber
1348 2311 1472 2352 beide
1506 2311 1585 2351 mit
1617 2310 1691 2350 be-

202 2393 410 2433 sonderer
443 2391 693 2444 Beziehung
725 2390 804 2431 auf
830 2391 934 2430 zwei
966 2391 1044 2430 der
1077 2389 1350 2442 wichtigsten
1385 2387 1690 2428 Institutionen

204 2470 281 2510 der
314 2483 454 2510 neuen
487 2469 765 2509 Monarchie:
800 2468 883 2508 den
912 2481 1050 2508 neuen
1079 2467 1216 2508 Stand
1244 2467 1320 2506 des
1339 2464 1693 2506 Berufssoldaten

205 2547 292 2588 und
349 2547 433 2588 den
491 2547 699 2587 ebenfalls
757 2560 895 2587 neuen
948 2547 1025 2587 des
1073 2545 1357 2586 kaiserlichen
1406 2542 1690 2585 Beambten.''

206 2625 455 2677 Sequuntur
496 2638 559 2673 ea,
599 2638 711 2678 quae
744 2638 875 2677 supra
907 2624 994 2664 iam
1028 2623 1274 2663 notavimus
1306 2629 1348 2663 et
1381 2622 1451 2661 hic
1482 2628 1690 2675 tanquam

258 2776 290 2819 1)
315 2775 491 2809 Zeitschr.
518 2775 541 2810 f.
569 2775 707 2819 Gymn.
738 2775 840 2819 1898,
867 2775 934 2817 718
960 2786 1041 2819 sqq.

256 2854 291 2895 2)
317 2852 370 2886 lb.
402 2852 501 2896 1899,
527 2851 676 2894 66—71.
