1955 3157
956 200 1009 243 27

229 321 568 376 intellegendum
603 335 699 362 esse
730 321 1006 371 arbitremur,
1042 334 1170 361 nemo
1203 327 1251 362 ut
1282 320 1438 374 opinor
1469 333 1556 361 non
1590 320 1720 363 videt.

229 399 344 440 Tum
362 399 517 452 solum,
535 399 570 440 si
587 412 768 454 pravam
786 398 903 440 illam
921 397 1238 452 interpretandi
1256 398 1469 439 rationem
1488 398 1723 451 sequimur,

228 476 368 518 oritur
409 477 607 530 quaestio
645 476 717 517 illa
748 475 917 517 subtilis
950 481 994 517 et
1026 475 1180 529 otiosa,
1214 481 1359 516 utrum
1393 475 1621 528 pauperies
1653 474 1724 515 hic

228 559 500 607 proponatur
541 559 588 594 ut
631 554 822 607 optimus
865 553 1039 594 vivendi
1074 552 1183 601 finis,
1217 565 1271 592 an
1304 558 1352 593 ut
1384 552 1440 592 ad
1473 551 1723 593 ulteriorem

228 629 360 671 finem
417 630 688 681 conducens;
746 643 884 684 quare
940 636 987 671 ut
1041 642 1188 679 unum,
1238 642 1374 682 quare
1421 633 1468 670 ut
1514 627 1723 679 alterum;

229 706 681 761 philosophanturque
713 707 810 761 plus
842 712 1214 748 commentatores
1243 719 1374 760 quam
1403 719 1594 759 unquam
1623 705 1725 747 fecit

229 784 454 827 Horatius.
508 785 624 825 Hinc
671 785 962 826 miserrimum
1009 783 1138 825 illud:
1188 782 1723 836 „hineininterpretieren”

229 861 348 916 quod
379 862 560 903 carmini
591 862 885 916 intellegendo
919 862 1112 902 maxime
1144 867 1285 903 nocet.

348 994 385 1024 c.
424 980 543 1032 Quae
573 987 724 1022 contra
755 980 978 1033 dicuntur,
1010 979 1293 1033 refelluntur.

290 1075 366 1125 At,
401 1076 519 1117 dicat
551 1075 782 1129 quispiam,
814 1075 849 1115 si
879 1074 1079 1116 universe
1106 1081 1278 1115 tantum
1307 1074 1561 1128 pauperiem
1578 1073 1727 1115 lauda-

230 1154 353 1204 verit,
372 1166 459 1194 non
477 1153 662 1194 multum
679 1152 842 1194 valebit
860 1152 1127 1193 exhortatio.
1143 1151 1359 1193 Umbram
1377 1158 1727 1206 persequeretur,

231 1244 277 1271 re
308 1244 412 1271 vera
444 1229 548 1270 nihil
580 1229 826 1271 effecturus.

291 1305 371 1348 Cui
413 1307 659 1361 respondeo
702 1306 916 1349 bifariam.
961 1306 1155 1349 Primum
1188 1320 1258 1347 me
1291 1305 1475 1347 multum
1509 1306 1727 1360 dubitare,

230 1385 422 1425 homone
453 1398 584 1438 quem
616 1384 775 1425 lautius
808 1383 1114 1437 liberaliusque
1147 1384 1293 1424 vivere
1326 1397 1456 1424 nemo
1490 1384 1726 1434 nesciebat,

230 1462 343 1502 serio
388 1462 444 1502 sit
492 1475 621 1503 ausus
669 1461 939 1515 pauperiem,
989 1474 1175 1514 eamque
1219 1459 1501 1514 .angustam’!
1545 1461 1640 1501 aliis
1672 1475 1729 1501 ex

232 1539 379 1580 animo
411 1540 734 1580 commendare.

291 1616 462 1658 Deinde
495 1630 565 1657 me
593 1630 679 1657 non
706 1622 861 1670 putare
890 1616 1125 1657 Horatium
1154 1629 1251 1656 eam
1280 1622 1370 1657 tam
1389 1616 1534 1669 magni
1553 1615 1729 1665 fecisse;

231 1695 496 1736 contrarium
529 1694 619 1735 fere
646 1708 778 1747 saepe
806 1694 978 1747 poetice
1005 1693 1201 1734 laudavit
1219 1691 1263 1746 1),
1294 1693 1479 1747 ideoque
1497 1699 1729 1746 angustam

232 1772 484 1826 pauperiem
530 1772 555 1812 i.
577 1785 614 1812 e.
649 1771 949 1825 indigentiam,
984 1784 1207 1823 nunquam
1240 1771 1388 1811 docuit
1420 1770 1728 1824 appetendam.

233 1849 305 1891 Sic
346 1850 477 1903 igitur
519 1850 627 1890 haec
672 1848 965 1903 intellegenda
1009 1848 1146 1889 duco:
1187 1848 1290 1888 dum
1324 1848 1478 1901 aliquis
1510 1860 1618 1902 puer
1649 1847 1732 1888 erit

232 1927 426 1968 animum
458 1934 502 1968 et
534 1940 693 1980 corpus
721 1932 955 1979 praeparet
984 1931 1030 1966 ut
1058 1931 1214 1979 postea
1232 1925 1274 1965 in
1292 1924 1459 1978 proelio
1477 1925 1730 1978 pauperiem

233 2005 325 2058 pati
358 2005 508 2059 possit.

293 2082 394 2122 Non
431 2082 562 2135 igitur
594 2081 707 2122 facio
739 2094 838 2122 cum
871 2080 1098 2121 Nauckio:
1134 2079 1313 2129 „Durch
1345 2079 1415 2120 die
1447 2079 1612 2120 Armut
1644 2079 1731 2119 und

233 2159 371 2201 durch
429 2159 500 2200 die
556 2159 693 2199 rauhe
752 2157 893 2199 Zucht
953 2157 1146 2211 gestahlt
1193 2164 1323 2210 moge
1370 2156 1447 2197 der
1493 2157 1732 2197 Romische

233 2237 440 2290 Jungling
472 2251 523 2278 zu
555 2237 696 2277 einem
724 2235 976 2277 Schrecken
1004 2234 1082 2275 der
1113 2235 1277 2275 Feinde
1295 2233 1666 2274 heranwachsen''
1685 2232 1731 2285 2).

235 2314 323 2356 Sed
356 2315 494 2355 multo
526 2314 680 2355 melius
712 2312 1001 2367 Kreppelius:
1036 2311 1202 2361 „Nicht
1232 2311 1370 2352 durch
1399 2311 1468 2352 die
1495 2310 1733 2352 Armut—

235 2391 342 2431 oder
388 2391 600 2431 vielmehr
646 2390 785 2431 durch
834 2390 913 2430 das
962 2389 1180 2443 Ertragen
1223 2389 1300 2429 der
1342 2388 1505 2430 Armut
1537 2412 1594 2418 —-—
1627 2389 1732 2429 wird

235 2467 313 2509 der
338 2468 472 2522 junge
506 2469 673 2509 Romer
705 2467 783 2508 der
815 2467 1066 2509 Schrecken
1099 2467 1176 2508 der
1209 2466 1386 2516 Feinde,
1415 2465 1605 2507 sondern
1633 2465 1734 2507 dass

289 2611 321 2654 1)
347 2609 464 2644 Illud:
493 2609 730 2644 »desiderare
755 2608 857 2655 quod
883 2609 976 2643 satis
1000 2609 1091 2643 est’'.

285 2689 321 2731 2)
346 2687 390 2720 In
416 2686 563 2721 decima
589 2686 674 2721 libri
701 2687 757 2721 sui
780 2686 943 2720 editione
969 2685 1150 2720 audacius
1171 2692 1207 2720 et
1229 2686 1390 2731 pressius
1411 2686 1463 2720 sic
1477 2686 1610 2720 habet:
1628 2685 1735 2719 »dasz

236 2757 277 2780 es
301 2746 367 2780 der
393 2746 541 2780 scharfe
566 2746 785 2780 Felddienst
806 2746 866 2787 ist,
892 2745 1011 2780 durch
1033 2745 1106 2779 den
1120 2745 1187 2779 der
1201 2745 1320 2780 durch
1335 2745 1539 2780 denselben
1552 2745 1735 2779 erstarkte

238 2805 373 2840 Knabe
399 2806 648 2850 Entbehrung
675 2806 804 2840 lernen
831 2805 913 2850 soll,
939 2805 1084 2852 springt
1110 2816 1184 2839 von
1210 2805 1326 2840 selbst
1350 2805 1389 2839 in
1414 2804 1474 2839 die
1499 2805 1668 2848 Augen’'.
