1955 3157
719 707 1021 778 CAPUT
1071 707 1195 776 Vll.

272 983 551 1037 Singularum
583 982 765 1024 odarum
798 983 1118 1037 expositionem
1151 988 1386 1037 postquam
1420 996 1500 1036 pro
1538 982 1702 1025 viribus

214 1062 491 1111 absolvimus,
512 1067 646 1102 restat
663 1068 710 1102 ut
727 1074 866 1114 pauca
883 1060 1078 1101 dicamus
1097 1060 1150 1101 de
1168 1061 1394 1101 sententiis
1411 1060 1467 1100 ad
1484 1060 1702 1114 integrum

213 1139 386 1192 cyclum
430 1139 757 1192 pertinentibus.
802 1139 895 1179 Nos
937 1138 1042 1193 quid
1083 1138 1319 1179 sentiamus
1353 1137 1583 1192 aliquoties
1616 1138 1702 1178 iam

214 1216 499 1256 indicavimus
542 1223 683 1257 antea.
717 1216 953 1257 Variorum
985 1217 1245 1270 scriptorum
1279 1216 1700 1270 interpretationem,

213 1307 326 1347 quae
379 1294 510 1347 vulgo
562 1300 655 1334 arte
702 1294 907 1335 cohaeret
953 1307 1052 1334 cum
1100 1294 1338 1335 eorundem
1387 1293 1603 1334 sententia
1649 1293 1704 1333 de

214 1370 393 1424 singulis
421 1371 684 1411 carminibus
702 1385 832 1424 supra
849 1372 1143 1421 tractavimus,
1165 1371 1298 1412 modo
1316 1372 1553 1425 probantes
1571 1370 1704 1411 modo

215 1448 474 1498 refutantes;
509 1448 567 1489 ita
601 1455 646 1489 ut
679 1462 831 1489 omnes
863 1449 1005 1490 denuo
1038 1450 1252 1503 attingere
1280 1449 1385 1489 nihil
1413 1449 1468 1489 sit
1495 1462 1617 1502 opus.
1649 1472 1702 1477 —

275 1524 345 1566 Sic
392 1525 496 1565 illud
544 1526 662 1579 quod
709 1532 841 1579 caput
883 1540 977 1567 esse
1019 1533 1202 1580 apparet
1245 1527 1378 1568 totius
1421 1526 1704 1566 Mommseni-

215 1610 324 1637 anae
358 1597 583 1637 doctrinae
626 1597 668 1637 in
709 1596 792 1637 hac
835 1611 903 1638 re:
939 1598 1066 1647 „Wie
1110 1597 1334 1639 Friedrich
1379 1598 1430 1648 II,
1465 1598 1544 1638 wie
1577 1610 1705 1638 unser

215 1674 559 1727 gegenwartiger
606 1673 776 1723 Kaiser,
825 1688 873 1714 so
921 1675 976 1715 ist
1021 1675 1133 1715 auch
1181 1674 1399 1728 derjenige
1447 1674 1704 1728 Herrscher,

216 1749 402 1790 welcher
443 1750 528 1790 den
567 1750 915 1791 Kaisernahmen
947 1752 1025 1792 mit
1057 1751 1133 1792 der
1165 1752 1420 1792 Monarchie
1451 1751 1704 1792 verbunden

215 1827 306 1880 hat,
359 1826 519 1868 Caesar
566 1827 794 1881 Augustus
842 1828 903 1869 als
949 1828 1156 1883 Jungling
1201 1843 1299 1870 zum
1347 1829 1583 1882 Regiment
1630 1842 1705 1883 ge-

216 1904 422 1945 kommen
429 1937 554 1945 .....
603 1904 684 1945 Als
732 1905 774 1945 in
817 1905 1038 1946 schweren
1082 1905 1303 1959 Kampfen
1345 1906 1416 1947 die
1448 1905 1704 1946 Monarchie

216 1981 496 2022 entschieden
543 1995 631 2022 war
650 2015 776 2022 .....
826 1981 882 2022 da
927 1983 1015 2036 gab
1062 1983 1139 2023 der
1191 1983 1374 2023 Dichter
1417 1982 1562 2024 Horaz
1604 1983 1704 2023 dem

216 2072 396 2111 grossen
443 2058 628 2099 Neubau
660 2058 730 2099 die
762 2059 1051 2100 dichterische
1084 2059 1251 2100 Weihe.
1286 2060 1370 2101 Die
1401 2067 1545 2101 ersten
1577 2059 1704 2101 sechs

218 2134 463 2176 Gedichten
496 2136 573 2176 des
605 2136 768 2177 dritten
802 2137 972 2177 Buches
1004 2136 1149 2177 bilden
1183 2137 1250 2178 ein
1285 2137 1468 2191 GanzeS,
1503 2137 1590 2179 und
1608 2137 1704 2178 sind

219 2213 442 2253 bestimmt
474 2211 557 2252 den
590 2226 729 2253 neuen
762 2213 963 2254 Nahmen
997 2213 1225 2267 Augustus
1258 2229 1309 2255 zu
1341 2214 1489 2264 feiern,
1520 2214 1608 2255 und
1636 2213 1705 2255 die

218 2302 271 2328 an
314 2289 461 2329 diesen
505 2289 677 2329 Namen
719 2290 810 2330 sich
844 2290 1124 2343 knupfenden
1158 2290 1402 2332 Gedanken
1434 2305 1706 2332 zusammen-

218 2365 456 2406 zufassen.”
493 2365 603 2407 Cum
635 2367 887 2420 saepissime
920 2368 973 2408 de
1006 2367 1183 2421 singulis
1214 2367 1321 2408 locis
1348 2382 1479 2422 supra
1496 2382 1563 2409 res
1581 2369 1705 2409 nobis

219 2442 346 2482 fuerit
372 2455 470 2483 cum
488 2443 764 2484 Mommseno
782 2444 983 2498 ampliter
1000 2445 1268 2486 ostendimus
1286 2459 1418 2499 quam
1438 2446 1706 2499 ineptissime

219 2518 326 2558 haec
359 2519 548 2560 facturus
581 2520 731 2561 fuisset
759 2527 902 2574 poeta.
931 2521 998 2561 Ne
1026 2522 1156 2575 igitur
1173 2522 1325 2562 eadem
1343 2535 1474 2576 saepe
1494 2522 1703 2571 dicamus,

220 2595 402 2637 sufficiat
459 2597 582 2636 nobis
638 2604 871 2638 annotasse
918 2599 1189 2651 praeclarum
1237 2599 1376 2639 virum
1424 2599 1533 2640 mira
1580 2598 1706 2640 nobis

220 2673 424 2713 cecinisse
465 2674 793 2728 carminumque
835 2675 922 2715 vim
964 2688 1194 2728 perperam
1237 2689 1416 2729 prorsus
1448 2675 1704 2729 explicasse.

221 2748 557 2790 Admittendum
591 2757 737 2791 tamen
769 2752 986 2801 existimo,
1021 2753 1063 2792 id
1096 2752 1214 2806 quod
1244 2752 1386 2805 docet,
1415 2753 1608 2793 carmina
1626 2766 1705 2793 sex

222 2839 353 2865 unum
386 2827 554 2867 efficere
587 2827 773 2880 cyclum.
