1955 3157
982 277 1038 327 84

261 408 401 448 fassen
453 407 641 448 konnen.
690 407 793 449 Und
842 420 963 447 wenn
1011 407 1054 446 in
1096 406 1269 458 einigen
1310 404 1420 445 Hss.
1475 404 1544 445 die
1593 404 1750 445 beiden

262 484 388 525 Oden
415 485 478 525 als
510 485 604 524 eine
632 484 916 538 geschrieben
943 483 1052 534 sind,
1081 496 1130 522 so
1158 482 1322 523 konnte
1351 495 1452 522 man
1470 482 1565 522 eine
1583 481 1750 523 Unauf-

262 561 575 602 merksamkeit
607 562 683 601 des
715 560 967 602 Schreibers
1000 558 1288 600 annehmen.’'

320 638 455 679 Misso
486 638 558 678 illo
594 638 812 688 „ablativo
844 637 1072 678 absoluto''
1106 637 1180 690 qui
1212 637 1246 676 si
1278 637 1370 676 sine
1398 636 1461 676 ira
1488 641 1532 676 et
1557 635 1750 688 studioo)

261 716 481 768 aspicitur,
515 716 679 768 optime
712 720 857 768 potest
890 713 1094 767 intellegi,
1125 713 1179 753 ad
1207 713 1347 766 ipsam
1375 713 1668 754 coniecturam
1696 712 1750 753 de

260 793 427 833 scribae
474 792 749 846 neglegentia
794 797 946 832 notare
992 791 1135 843 velim,
1183 804 1274 830 rem
1322 804 1373 830 ea
1415 790 1592 830 minime
1624 788 1745 830 solvi.

261 868 496 922 Quaeritur
542 870 656 909 enim
703 882 790 922 qua
833 869 1000 909 ratione
1033 874 1177 909 motus
1211 868 1302 920 ipse
1335 867 1581 920 Porphyrio
1614 867 1751 907 anim-

261 947 576 987 advertendum
609 959 703 986 esse
735 945 909 986 duxerit
941 945 984 985 id
1011 944 1129 999 quod
1157 944 1476 986 animadvertit.
1505 944 1620 985 Nam
1648 957 1752 984 con-

261 1022 473 1063 cludimus
504 1022 576 1063 illa
614 1029 758 1063 aetate
791 1029 833 1063 et
865 1029 995 1063 antea
1023 1022 1341 1063 dubitationem
1370 1021 1590 1062 exstitisse
1607 1020 1661 1061 de
1679 1021 1750 1061 illa

261 1114 319 1141 re.
369 1099 479 1141 Cum
525 1100 656 1152 igitur
703 1100 745 1139 in
793 1100 878 1139 fine
919 1099 1300 1140 commentationis
1341 1112 1445 1139 suae
1487 1098 1610 1139 addit
1642 1097 1751 1138 haec

261 1177 502 1230 Seligerus:
563 1177 628 1225 „F
632 1190 757 1217 erner
813 1176 1028 1218 berichtet
1086 1175 1302 1230 Cruquius
1349 1189 1451 1216 vom
1500 1175 1751 1216 Blandinius

261 1254 598 1307 antiquissimus,
643 1254 745 1294 dasz
788 1255 828 1294 in
872 1254 963 1294 ihm
1006 1252 1103 1294 Ode
1135 1254 1176 1294 II
1208 1254 1296 1294 und
1329 1253 1391 1293 III
1424 1253 1538 1293 ohne
1564 1252 1751 1306 jegliche

261 1330 501 1383 Trennung
532 1330 609 1371 auf
631 1330 837 1371 einander
864 1331 1033 1384 folgen:
1067 1331 1172 1371 aber
1198 1331 1309 1371 auch
1337 1331 1454 1371 diese
1473 1329 1752 1383 Anordnung

262 1408 316 1448 ist
364 1408 730 1460 unverstandlich‚
774 1407 862 1448 und
903 1421 948 1448 es
990 1409 1045 1449 ist
1087 1407 1207 1448 nicht
1243 1407 1616 1461 ausgeschlossen,
1649 1407 1750 1447 dasz

260 1485 322 1525 sie
367 1484 446 1525 auf
487 1485 612 1525 einen
654 1485 1013 1526 Misverstandnis
1057 1485 1134 1525 der
1175 1484 1455 1538 Bemerkung
1482 1484 1750 1538 Porphyrios

261 1561 462 1612 beruht''‚
494 1562 652 1615 effugit
682 1561 982 1603 difficultatem
1015 1563 1080 1602 vir
1112 1562 1387 1603 doctissimus
1405 1561 1449 1614 1).
1479 1562 1594 1602 Nam
1622 1562 1648 1601 ii
1677 1561 1750 1615 qui

260 1639 435 1679 tertiam
484 1639 614 1679 odam
657 1653 697 1679 v.
747 1649 794 1690 17
839 1639 1026 1692 incipere
1063 1639 1352 1692 perhibebant
1383 1639 1569 1692 primam
1603 1639 1751 1692 utique

261 1722 430 1768 partem
478 1715 654 1757 alterius
691 1717 892 1756 carminis
925 1716 1055 1756 finem
1088 1729 1182 1756 esse
1213 1717 1430 1757 censuisse
1461 1716 1638 1769 planum
1671 1721 1749 1757 est.

262 1791 396 1833 Secus
453 1793 567 1832 enim
624 1806 711 1833 non
768 1793 823 1833 de
868 1794 1026 1844 ‘tertia’
1074 1794 1150 1834 sed
1197 1793 1251 1834 de
1297 1796 1483 1847 ‘quarta'
1530 1793 1616 1833 iam
1664 1793 1749 1833 oda

261 1869 412 1911 fuisset
443 1883 601 1911 serm0.

379 1994 419 2034 b.
455 1993 772 2047 Spectaverz'tne
799 2002 921 2047 poeta
954 1995 1117 2049 Reguli
1146 1996 1307 2036 laudes.

321 2088 436 2142 Quid
469 2095 535 2130 est
566 2096 711 2130 autem
744 2103 819 2130 cur
850 2091 915 2130 vir
946 2090 1221 2132 doctissimus
1253 2097 1376 2132 tanto
1409 2104 1542 2144 opere
1569 2096 1750 2132 conetur

261 2179 424 2206 nexum
476 2166 595 2206 illum
642 2167 837 2207 solvere?
886 2167 1026 2220 Supra
1073 2169 1207 2209 verbo
1255 2169 1341 2209 iam
1388 2168 1603 2209 innuimus
1650 2181 1748 2208 eum

262 2243 459 2283 docuisse
516 2243 681 2296 Reguli
734 2244 883 2284 laudes
929 2245 1141 2285 contineri
1189 2246 1231 2285 in
1278 2246 1493 2299 prioribus
1539 2246 1747 2287 versibus.

262 2319 576 2360 Demonstrare
607 2319 744 2361 voluit
775 2327 819 2361 et
853 2345 904 2351 —
939 2321 982 2361 id
1013 2322 1199 2374 ingenue
1232 2321 1372 2363 fateor
1403 2346 1460 2352 —
1492 2323 1582 2363 veri
1611 2322 1749 2363 simile

263 2396 450 2436 reddidit
507 2396 633 2437 valde
690 2398 831 2451 primo
884 2405 1075 2451 aspectu,
1120 2399 1318 2439 ordinem
1360 2400 1542 2440 odarum
1586 2400 1749 2440 Roma-

262 2486 414 2513 narum
449 2474 618 2524 inverti,
655 2476 813 2516 mutari
845 2475 1018 2517 debere.
1052 2475 1156 2516 Post
1189 2489 1364 2516 carmen
1392 2475 1576 2516 alterum
1605 2477 1749 2530 posuit

262 2556 449 2598 sextum,
494 2551 553 2591 ita
586 2558 633 2592 ut
663 2552 840 2593 tertium
872 2558 1118 2593 extremum
1151 2553 1329 2594 tandem
1362 2553 1558 2594 obtineat
1590 2553 1746 2595 locum.

314 2703 346 2745 1)
372 2702 413 2734 ln
436 2702 494 2736 his
516 2713 562 2736 ne
579 2703 662 2748 quis
676 2714 815 2748 quaeso
830 2703 985 2749 Cruquii
1002 2704 1128 2738 videat
1142 2703 1397 2739 defensionem
1411 2704 1746 2750 qualemcumque!

263 2760 395 2804 Neque
429 2761 592 2805 Seligero
627 2772 750 2807 neque
775 2763 867 2796 mihi
893 2769 1115 2806 argumento
1141 2769 1227 2797 sunt
1252 2774 1349 2808 quae
1375 2763 1436 2797 ille
1464 2763 1521 2797 vir
1545 2763 1746 2808 perhibuit.

262 2819 358 2853 Vide
384 2820 563 2854 Beckium
591 2821 907 2855 »Horazstudieffl
934 2832 1019 2867 pag.
1045 2830 1101 2866 45,
1127 2828 1164 2856 et
1187 2821 1357 2856 Bickium
1379 2821 1664 2856 »Horazkritik”
1679 2822 1747 2856 seit

266 2878 356 2912 1880
380 2889 464 2924 pag.
490 2880 641 2923 35—48.
