1955 3157
970 224 1045 254 121

276 343 533 399 Antequam
580 350 727 386 autem
774 345 830 385 ad
872 344 1197 399 investigandas
1239 345 1465 398 opiniones
1509 347 1770 397 accedimus,

275 422 507 463 tractanda
548 428 614 463 est
646 423 787 476 prima
819 422 1017 476 stropha.
1049 421 1225 476 Quippe
1257 436 1382 476 quae,
1417 423 1452 463 si
1485 423 1636 464 audias
1669 425 1772 465 doc-

274 499 491 540 tissimum
551 499 692 540 virum
751 500 1034 541 Karstenium
1094 513 1220 549 „cum
1279 499 1453 554 reliquis
1510 507 1602 542 tam
1661 502 1773 542 male

275 575 523 626 cohaereat,
568 582 615 618 ut
656 577 816 618 fuerint
859 577 974 627 olim,
1020 577 1093 629 qui
1132 590 1228 617 eam
1260 577 1523 630 abigendam
1555 576 1771 632 (Gruppe)

276 659 319 694 et
350 654 393 693 in
423 655 608 707 primam
637 655 767 695 odam
796 654 1168 709 transponendam
1198 654 1493 708 (Peerlkamp)
1511 668 1604 695 esse
1622 656 1771 696 crede-

276 736 383 781 rent,
413 744 555 784 neque
582 731 713 772 hodie
741 732 885 772 adhuc
903 731 1013 772 ullus
1031 732 1244 786 interpres
1261 731 1534 785 probabilem
1552 744 1771 773 conexum

308 808 487 851 rotulit'’
507 808 521 833 1
544 842 551 849 .

275 822 304 862 p
524 810 538 862 )
633 867 770 901 »Caelo
795 873 989 901 tonantem
1015 867 1242 901 credidimus
1268 867 1397 900 Iovem

632 927 825 970 Regnare:
851 937 1028 972 praesens
1053 926 1164 961 divus
1189 926 1427 961 habebitur'’.

336 1028 535 1082 Ipsorum
558 1028 794 1070 verborum
811 1030 1027 1071 sententia
1045 1029 1225 1070 dubium
1244 1042 1331 1069 non
1349 1029 1564 1082 relinquit.
1584 1029 1772 1070 Verum-

274 1113 423 1147 tamen
479 1106 625 1160 aliqua
681 1107 996 1148 sententiarum
1054 1106 1347 1161 discrepantia
1392 1107 1645 1148 annotanda
1692 1113 1769 1147 est.

276 1182 608 1233 „Credidimus”
644 1184 700 1224 ab
735 1184 829 1238 ipso
862 1184 1072 1224 Hiemero
1090 1183 1121 1237 2>
1154 1184 1413 1238 proponitur
1446 1190 1492 1225 ut
1525 1184 1595 1233 „in
1622 1183 1772 1224 incho-

274 1261 435 1302 ativem
479 1260 612 1302 Sinne
655 1276 705 1301 zu
750 1261 950 1302 nehmen.
986 1261 1082 1301 Wir
1113 1261 1257 1302 haben
1290 1275 1336 1301 es
1368 1260 1556 1314 glauben
1589 1261 1771 1314 gelemt,

275 1338 353 1379 wir
383 1338 479 1379 sind
511 1353 562 1379 zu
595 1338 696 1379 dem
729 1337 930 1379 Glauben
963 1337 1269 1392 gekommen”.
1300 1337 1400 1391 Qua
1427 1339 1593 1379 ratione
1610 1338 1771 1379 nescio.

275 1415 462 1456 Iurenka
479 1416 511 1470 3)
542 1416 761 1465 audacter,
797 1422 844 1457 ut
877 1416 998 1466 solet,
1033 1429 1174 1470 neque
1206 1415 1403 1469 illepide:
1433 1416 1545 1465 „Die
1564 1415 1773 1456 Erklarer

274 1500 435 1547 mogen
476 1506 610 1546 sagen
653 1506 740 1533 was
782 1494 843 1533 sie
887 1492 1054 1545 wollen,
1087 1506 1136 1533 so
1169 1493 1332 1546 begeht
1364 1493 1512 1533 Horaz
1545 1493 1659 1533 doch
1693 1493 1772 1534 mit

274 1571 360 1611 den
392 1570 764 1624 Anfangsworten
798 1570 875 1611 des
907 1570 1073 1611 funften
1107 1569 1346 1611 Gedichtes
1377 1571 1472 1611 eine
1504 1584 1609 1623 arge
1643 1569 1772 1611 Gott-

274 1647 491 1701 losigkest,
526 1648 596 1689 die
629 1663 679 1688 zu
712 1648 812 1688 dem
847 1648 1062 1688 frommen
1096 1648 1220 1688 Tone
1252 1648 1331 1688 der
1356 1648 1537 1701 vorigen
1556 1647 1772 1689 Gedichte

274 1726 333 1766 im
365 1739 546 1779 grossen
574 1725 915 1779 Widerspruche
943 1725 1072 1766 steht.
1093 1725 1227 1766 Also:
1247 1725 1305 1766 im
1324 1724 1515 1766 Himmel
1534 1724 1770 1779 irgendwo,

274 1817 324 1843 so
354 1802 564 1857 glaubten
597 1803 686 1855 wir,
714 1802 915 1844 herrscht
940 1803 1010 1843 ein
1037 1802 1314 1843 donnernder
1342 1803 1528 1856 Iupiter:
1547 1803 1664 1851 aber,
1684 1816 1772 1843 was

273 1879 359 1921 viel
391 1880 516 1921 mehr
548 1881 615 1930 ist,
648 1904 701 1909 —
730 1880 792 1920 als
819 1881 887 1920 ein
915 1881 1261 1934 gegenwartiger
1290 1879 1399 1921 Gott
1418 1879 1524 1920 wird
1543 1879 1772 1933 Augustus

274 1957 435 2012 gelten‚
473 1971 599 1998 wenn
633 1971 678 1998 er
710 1957 868 1998 einmal
889 1990 896 1997 .
919 1990 925 1997 .
947 1990 954 1997 .
978 1957 1030 1998 .’'.
1065 1956 1253 1998 Acutius
1285 1964 1432 1998 autem
1465 1971 1596 2011 quam
1628 1958 1772 1998 verius

275 2036 385 2076 haec
416 2048 510 2075 esse
541 2035 659 2076 dicta
691 2035 908 2075 existimo.

334 2113 434 2166 Ipse
466 2113 581 2153 enim
615 2119 747 2166 poeta
778 2112 863 2153 alio
895 2112 992 2153 loco
1019 2112 1146 2152 simili
1177 2113 1359 2166 ratione⁷
1388 2126 1564 2166 prorsus
1587 2112 1772 2153 eandem

275 2190 517 2231 enuntiavit
564 2190 838 2243 sententiam,
888 2203 974 2243 qua
1016 2189 1059 2230 hi
1102 2189 1301 2230 versiculi
1333 2189 1624 2243 pulcherrime
1657 2189 1772 2230 illus-

274 2273 457 2308 trantur.
493 2291 545 2296 —
581 2267 629 2307 L.
665 2267 698 2320 Ι,
732 2267 818 2308 XII
850 2267 999 2308 Iovem
1031 2267 1256 2316 allocutus,
1290 2268 1373 2308 ait:

612 2372 765 2407 »Gentis
789 2372 980 2406 humanae
1005 2378 1112 2417 pater
1136 2378 1249 2417 atque
1275 2378 1399 2406 custos

610 2433 699 2467 Orte
726 2433 900 2472 Saturno,
926 2431 993 2466 tibi
1018 2442 1108 2466 cura
1133 2432 1260 2476 magni

610 2492 782 2527 Caesaris
809 2491 895 2526 fatis
920 2491 1028 2526 data:
1054 2497 1095 2525 tu
1120 2491 1284 2526 secundo

753 2552 914 2586 Caesare
939 2552 1106 2595 regnes’'.

327 2678 361 2721 1)
387 2676 443 2712 Cf.
469 2677 520 2712 1.1.
546 2687 631 2722 pag.
662 2676 737 2712 160.

324 2754 359 2799 2)
386 2753 443 2789 Cf.
468 2754 519 2789 1.1.
545 2765 630 2800 pag.
658 2762 712 2799 50.

327 2832 362 2875 3)
389 2830 447 2866 Cf.
474 2831 522 2866 l.1.
550 2842 635 2877 pag.
662 2841 730 2875 302
756 2842 810 2876 sq.
