1955 3157
957 202 1032 245 Ι55

254 324 465 377 brasse1).
513 323 661 378 Quare
703 330 849 366 autern
892 324 976 365 hoc
1020 324 1242 365 inventurn
1276 337 1327 363 ne
1357 324 1535 378 speciem
1569 324 1742 378 quidem

252 401 454 442 veritatis
484 415 589 455 prae
620 415 667 442 se
694 401 806 442 ferre
834 401 938 442 mihi
966 401 1178 450 videatur,
1208 401 1480 454 paucissimis
1508 415 1742 455 exponam.

312 479 538 528 Primum,
571 479 605 519 si
639 478 893 520 Hiemerum
926 478 1062 528 audis,
1096 478 1239 531 agitur
1268 477 1322 518 de
1352 477 1464 519 festo
1491 478 1574 518 die.
1605 477 1745 531 Atqui

253 569 428 596 carmen
461 562 659 597 nostrum
691 569 980 610 nequaquam,
1014 555 1160 605 credo,
1194 554 1396 596 festivum
1430 562 1495 596 est
1512 553 1565 605 2)ἱ

312 633 454 673 Dein:
500 632 745 674 celebratur
791 639 838 673 ut
884 633 944 673 ait
992 632 1183 685 Augusti
1226 632 1370 684 aliqua
1410 633 1560 673 virtus.
1604 631 1745 684 Atqui

254 710 398 763 inepte
440 710 482 750 ni
525 709 649 750 fallor
681 709 932 750 admodum.
965 709 1117 750 Virtus
1150 709 1325 762 quidem
1359 709 1560 749 universa
1592 709 1745 750 extolli

251 785 363 827 solet
404 787 655 836 rectissime,
700 788 896 828 notando
938 787 1045 827 vitio
1076 787 1114 827 ei
1147 786 1389 836 contrari03
1424 786 1565 826 minus
1597 792 1743 827 tamen

252 862 390 913 decet,
423 865 529 905 certi
561 864 786 905 cuiusdam
820 864 896 904 viri
930 865 1135 905 virtutem
1163 864 1317 904 eadem
1346 863 1513 904 ratione
1540 869 1742 904 tractare.

254 940 313 981 Et
343 942 378 981 si
411 941 554 981 denuo
586 941 762 994 inspicis
794 954 970 982 carmen
1002 942 1144 995 ipsum
1177 942 1262 982 iam
1295 940 1462 981 videbis
1496 940 1538 980 id
1571 954 1624 981 ne
1652 940 1744 980 fieri

253 1017 428 1070 quidem
486 1018 693 1071 potuisse.
752 1017 869 1072 Quid
917 1017 988 1059 illa
1036 1024 1234 1067 „matura
1281 1018 1432 1071 virgo''
1481 1024 1525 1058 et
1575 1018 1744 1067 „mariti

252 1095 380 1135 vina''
424 1095 479 1135 ad
523 1094 653 1136 finem
686 1095 776 1136 fere
808 1096 1062 1145 carminum,
1096 1109 1208 1149 quae
1241 1101 1521 1137 cantarentur
1562 1095 1647 1135 tali
1675 1095 1745 1135 die

253 1172 294 1212 in
318 1172 541 1225 principis
571 1172 808 1213 honorem?

311 1248 427 1290 Sane
457 1263 557 1290 cum
590 1256 742 1290 auctor
773 1250 994 1292 concludit
1011 1249 1068 1304 3):
1102 1250 1229 1299 „Den
1256 1250 1387 1290 tiesen
1415 1248 1640 1290 Eindruck
1667 1249 1745 1290 der

252 1326 609 1367 vorwurfsvollen
658 1327 801 1380 Frage
847 1328 905 1368 ob
952 1341 999 1368 es
1047 1327 1242 1368 wirklich
1290 1328 1369 1368 mit
1416 1327 1531 1367 Rom
1579 1327 1745 1380 bergab

251 1403 393 1457 gehen
426 1403 564 1457 sollte⁷
592 1410 749 1457 trugen
777 1404 847 1445 die
877 1404 1243 1445 Festteilnehmer
1270 1405 1328 1445 im
1346 1404 1516 1444 Herzen
1535 1404 1614 1445 mit
1632 1404 1744 1444 nach

252 1479 445 1521 Hause.''
481 1481 595 1521 Eum
629 1482 671 1521 in
706 1482 837 1522 risum
870 1487 1040 1522 vertere
1068 1482 1232 1522 diceres
1262 1481 1364 1522 illud
1383 1482 1501 1535 quod
1520 1482 1561 1521 in
1581 1481 1744 1522 Pericle

251 1557 476 1598 laudatum
509 1563 573 1598 est
590 1559 643 1611 4):
677 1563 721 1599 τὸ
752 1562 925 1614 κέντρον
956 1561 1227 1612 ἐγκατέλειπε
1259 1565 1350 1600 τοῖσ
1376 1563 1683 1614 ἅκροωμένοισ.

312 1634 497 1675 Pericles
531 1641 684 1688 utpote
710 1635 776 1676 vir
802 1637 995 1689 prudens
1021 1649 1073 1676 ac
1099 1649 1232 1676 sanae
1260 1636 1428 1685 mentis,
1449 1636 1578 1676 aliam
1596 1636 1744 1690 utique

252 1711 383 1765 elegit
415 1712 543 1762 diem,
577 1713 709 1753 alium
742 1713 901 1766 locum,
935 1719 981 1754 ut
1013 1712 1187 1753 aculeos
1216 1713 1258 1753 in
1284 1713 1439 1753 animis
1468 1712 1743 1767 relinqueret.

252 1789 341 1830 Ubi
383 1790 529 1843 magni
572 1790 760 1830 nominis
791 1790 856 1830 vir
887 1789 1126 1830 honoribus
1158 1790 1338 1830 summis
1370 1796 1624 1842 exornatur,
1658 1803 1744 1830 non

251 1866 394 1907 solent
450 1866 508 1907 illi
564 1867 638 1921 qui
685 1867 844 1907 adsunt
892 1867 934 1907 in
981 1866 1146 1921 seipsos
1192 1866 1341 1907 oculos
1388 1873 1643 1908 convertere
1690 1881 1745 1908 ne

253 1943 394 1984 dicam
428 1949 685 1997 exspectare
718 1957 890 1984 morum
923 1944 1028 1984 talia
1059 1944 1317 1997 praecepta!

312 2020 502 2074 Augusti
544 2021 726 2074 deniqne
759 2021 913 2074 Pietas,
947 2027 1058 2062 teste
1091 2021 1314 2070 Hiemero,
1347 2021 1514 2074 duplex
1543 2021 1745 2062 laudatur

252 2097 294 2139 h.
315 2112 351 2139 e.
381 2104 566 2152 utraque
593 2098 733 2152 pietas
760 2112 873 2153 quae
901 2098 1036 2139 verbo
1053 2098 1287 2152 significari
1305 2104 1463 2151 potest,
1482 2099 1539 2139 ab
1557 2098 1745 2140 Horatio

304 2276 337 2316 1)
373 2276 460 2309 Non
506 2275 628 2321 ipsum
674 2275 827 2321 quidem
866 2275 1066 2309 Horatium
1105 2276 1279 2310 recitasse
1318 2275 1486 2309 carmina
1523 2275 1641 2320 fingit,
1679 2276 1744 2310 sed

252 2334 445 2369 recitanda
470 2345 514 2368 ea
539 2345 698 2369 curasse.
725 2335 787 2369 Ad
812 2345 963 2369 carmen
989 2340 1135 2369 sextum
1162 2334 1212 2369 l.l.
1236 2345 1320 2379 pag.
1345 2343 1401 2378 57,
1423 2334 1516 2369 haec
1529 2335 1744 2370 annotavit:

254 2394 320 2427 »In
352 2393 549 2428 derselben
580 2394 706 2438 Kurie,
732 2394 773 2428 in
798 2393 866 2428 der
890 2393 987 2427 dz'ese
1021 2394 1130 2427 Verse
1155 2397 1413 2440 vorgetragen
1440 2393 1614 2438 wurden,
1639 2394 1745 2429 hatte

252 2452 320 2487 der
344 2453 458 2487 Senat
485 2464 552 2487 vor
578 2453 745 2497 wenigen
771 2454 949 2487 Monaten
974 2453 1048 2487 den
1074 2453 1272 2487 Beschluss
1298 2453 1391 2487 iiber
1415 2453 1475 2487 die
1502 2453 1745 2497 Herstellung

252 2512 320 2546 der
351 2513 509 2558 Tempel
534 2513 684 2556 gefosst.
711 2512 781 2546 Die
807 2513 922 2547 Verse
947 2512 1129 2558 sprechen
1155 2513 1235 2547 also
1260 2512 1348 2547 dem
1374 2513 1507 2547 Kaiser
1531 2512 1604 2547 den
1630 2513 1744 2547 Dank

252 2571 364 2606 dafur
389 2583 457 2606 aus
461 2597 564 2607 .....

301 2650 338 2692 2)
362 2648 419 2685 Cf.
447 2648 663 2683 »Damnosa
687 2648 778 2693 quid
803 2659 878 2682 non
904 2648 1091 2682 imminuit
1117 2648 1216 2682 dz'es”
1243 2659 1274 2683 e.
1289 2660 1325 2694 q.
1340 2660 1368 2684 s.

301 2726 337 2771 3)
362 2725 413 2760 1.1.
439 2735 522 2770 pag.
552 2733 607 2770 59.

300 2804 338 2847 4)
364 2803 457 2838 Plin.
483 2804 564 2848 Ep„
590 2804 619 2843 Ι,
645 2812 700 2837 20.
