1955 3157
793 596 1095 671 CAPUT
1145 594 1246 663 Vl.

815 824 1104 883 CARMEN
1142 823 1224 876 Vl.

493 961 506 985 1
608 949 757 984 Delicta
782 947 968 981 maiorum
995 942 1204 978 immeritus
1229 940 1322 981 lues,

608 1010 792 1048 Romane,
818 1006 938 1040 donec
963 1003 1105 1048 templa
1132 1000 1306 1035 refeceris

657 1067 856 1111 Aedesque
882 1064 1053 1098 labentes
1078 1061 1236 1096 deorum
1261 1065 1297 1093 et

704 1125 832 1160 Foeda
858 1124 965 1168 nigro
992 1121 1194 1156 simulacra
1220 1119 1336 1153 furno.

494 1226 511 1263 5
611 1217 678 1251 Dis
703 1221 739 1250 te
765 1214 948 1248 minorem
975 1209 1078 1256 quod
1104 1208 1213 1254 geris,
1238 1207 1412 1252 imperas.

613 1275 712 1310 Hinc
737 1283 848 1308 omne
874 1270 1113 1317 principium.
1137 1268 1212 1301 huc
1239 1265 1335 1300 refer
1362 1264 1521 1299 exitum:

660 1334 708 1368 Di
734 1333 855 1367 multa
880 1330 1040 1375 neglecti
1067 1328 1252 1363 dederunt

708 1391 915 1437 Hesperiae
941 1389 1042 1424 mala
1068 1388 1272 1422 luctuosae.

615 1490 694 1523 Iam
722 1487 779 1522 bis
804 1487 1013 1526 Monaeses,
1039 1490 1076 1517 et
1100 1482 1231 1517 Pacori
1258 1490 1393 1514 manus

475 1561 518 1585 10
614 1550 700 1583 Non
725 1547 939 1592 auspicatos
965 1543 1135 1578 contudit
1159 1542 1322 1586 impetus

661 1609 819 1642 Nostros
844 1611 881 1639 et
906 1603 1085 1638 adiecisse
1111 1600 1291 1647 praedam

708 1664 925 1710 Torquibus
950 1662 1092 1707 exiguis
1117 1659 1272 1695 renidet.

615 1762 737 1795 Paene
763 1763 987 1803 occupatam
1012 1754 1258 1790 seditionibus

618 1819 766 1855 Delevit
793 1817 926 1852 urbem
952 1816 1079 1850 Dacus
1104 1820 1141 1848 et
1166 1812 1360 1858 Aethiops,

479 1890 516 1927 15
663 1879 736 1913 Hic
761 1877 879 1912 classe
906 1874 1141 1916 formidatus,
1166 1873 1229 1907 ille

712 1935 918 1972 Missilibus
943 1934 1076 1968 melior
1102 1932 1258 1977 sagittis.

619 2033 797 2070 Fecunda
823 2032 956 2076 culpae
983 2029 1132 2064 saecula
1158 2027 1308 2073 nuptias

618 2095 785 2130 Primum
813 2091 1058 2137 inquinavere
1084 2095 1121 2123 et
1146 2098 1264 2133 genus
1289 2092 1324 2121 et
1350 2085 1500 2120 domos:

667 2154 750 2188 Hoc
776 2151 878 2186 fonte
903 2150 1074 2184 derivata
1099 2147 1227 2183 clades

479 2226 525 2251 20
716 2213 758 2247 In
784 2211 946 2258 patriam
973 2209 1232 2256 populumque
1257 2206 1373 2241 fluxit.

620 2310 745 2344 Motus
770 2307 898 2342 doceri
923 2305 1060 2350 gaudet
1087 2304 1232 2338 Ionicos

621 2371 771 2403 Matura
796 2367 922 2411 virgo:
949 2371 984 2399 et
1010 2364 1163 2408 fingitur
1188 2362 1333 2397 artibus

670 2429 751 2463 Iam
778 2436 878 2460 nunc
904 2430 940 2459 et
966 2425 1126 2458 incestos
1150 2432 1298 2456 amores

718 2488 775 2521 De
800 2492 929 2520 tenero
954 2483 1158 2518 meditatur
1183 2481 1309 2524 ungui.

481 2595 524 2632 25
622 2586 709 2619 Mox
736 2582 898 2618 iuniores
924 2579 1072 2626 quaerit
1096 2577 1288 2613 adulteros

624 2645 725 2679 Inter
749 2641 875 2676 mariti
901 2640 1001 2683 vina,
1026 2648 1150 2683 neque
1174 2636 1277 2681 eligit

672 2703 742 2738 Cui
768 2702 882 2736 donet
907 2698 1119 2734 intermissa
1135 2697 1163 2741 ยน)
1188 2695 1326 2741 raptim

721 2760 870 2796 Gaudia
898 2757 1106 2792 luminibus
1130 2754 1296 2795 remotis,

297 2814 1433 2834 แผ

347 2858 378 2901 1)
405 2856 476 2900 Sic,
501 2865 588 2889 cum
614 2852 732 2887 Codd.
761 2850 852 2891 EA,
877 2847 1080 2892 legendum
1105 2855 1186 2879 esse
1211 2843 1354 2890 opinor.
