1955 3157
982 236 1033 277 91

260 355 470 409 procedit.
500 354 670 409 Quirini
697 355 968 397 consecratio
996 354 1238 396 continuari
1265 354 1437 396 videtur
1453 369 1594 410 neque
1612 356 1754 410 primo

260 438 439 486 aspectu
481 433 592 474 ratio
634 432 718 474 alia
759 433 958 474 exhiberi
1002 438 1119 472 recte
1161 437 1307 485 potest
1350 431 1521 473 illorum
1559 433 1753 474 omnium

259 524 373 564 quae
403 517 644 564 sequuntur
676 511 756 551 nisi
789 511 922 551 haec:
956 508 1165 563 Quirinus
1192 508 1451 551 Acheronta
1479 510 1602 563 fugit,
1632 510 1752 564 quod

260 586 596 640 approbandum
630 587 709 628 fuit
742 586 946 627 inimicae
977 593 1106 628 antea
1138 586 1307 627 Iunoni.

320 663 476 704 Altera
517 677 622 704 vero
664 663 865 704 condicio
907 669 981 704 aut
1023 663 1172 704 statim
1205 663 1438 716 unicuique
1469 662 1625 703 adesse
1657 663 1754 704 luce

260 740 417 782 clarius
463 754 676 794 apparere
724 741 857 782 debet
905 741 1042 795 (quod
1084 754 1189 781 sane
1231 740 1442 794 praestat)
1486 746 1561 781 aut
1592 741 1649 781 ab
1682 740 1754 780 illo

261 818 328 859 cui
361 817 445 858 hoc
477 819 642 859 clarum
669 825 750 869 est,
778 819 871 859 aliis
902 818 1054 859 adesse
1081 824 1147 859 est
1163 817 1455 871 probandum.
1476 817 1756 871 Argumenta

261 895 393 948 igitur
434 896 591 937 merito
634 896 893 950 requirimus
935 909 961 936 a
992 895 1283 936 Mommseno.
1317 894 1443 948 Quae
1475 908 1562 935 non
1595 895 1756 936 dantur

261 971 346 1012 hoc
393 972 503 1013 loco.
553 973 616 1014 Ut
657 979 804 1014 autem
847 973 940 1014 eius
971 973 1223 1027 opinionem
1257 973 1471 1026 integram
1505 972 1756 1013 noverimus

261 1049 345 1090 alia
387 1050 520 1090 etiam
563 1050 915 1091 transscribenda
956 1057 1081 1091 sunt:
1124 1056 1219 1092 tum
1251 1050 1428 1091 demum
1461 1049 1754 1090 iudicandum.

261 1127 442 1167 Memini
488 1126 667 1168 alicuius
714 1126 797 1167 loci
846 1127 1122 1176 Hartmanni‚
1167 1126 1240 1180 qui
1260 1125 1292 1180 1)
1325 1127 1549 1168 inventum
1582 1125 1667 1166 hoc
1699 1150 1752 1156 —-

262 1204 382 1258 quod
424 1204 688 1244 Mommseni
732 1217 826 1244 esse
859 1204 1044 1257 putabat
1076 1228 1145 1253 ———‚
1180 1203 1579 1258 splendidissimum
1612 1209 1754 1253 vocat,

262 1282 375 1331 dein,
409 1281 682 1322 severissime
714 1287 868 1322 contra
895 1280 1149 1335 „quoddam
1179 1281 1291 1322 male
1319 1281 1569 1322 sedulorum
1588 1279 1754 1335 genus’'

262 1358 429 1400 invehit
463 1359 564 1412 „qui
597 1365 644 1399 ut
676 1364 719 1400 et
752 1359 833 1412 ipsi
865 1372 991 1399 suum
1024 1372 1208 1400 acumen
1240 1359 1490 1408 ostendant,
1524 1358 1580 1398 ad
1609 1371 1757 1398 recen-

262 1436 476 1477 tissimam
508 1449 684 1490 quoque
716 1436 1011 1476 coniecturam
1046 1436 1152 1476 nihil
1184 1449 1271 1476 non
1303 1436 1497 1490 exigant,
1531 1441 1664 1489 atque
1697 1435 1756 1476 ita

263 1513 514 1555 utilissimas
545 1513 876 1554 observationes
908 1512 1112 1554 ridiculas
1144 1512 1371 1555 reddant.''

323 1591 611 1631 Memineram
642 1591 943 1631 doctissimum
973 1590 1114 1631 virum
1143 1597 1403 1643 argumenta
1427 1589 1626 1631 laudasse
1643 1603 1757 1644 quae

264 1668 563 1709 Mommsenus
605 1681 795 1721 „magno
826 1668 1026 1708 acumine
1060 1680 1306 1721 magnaque
1339 1666 1566 1709 doctrina’'
1601 1674 1753 1708 contu-

263 1745 397 1787 lisset.
430 1746 670 1800 Postquam
703 1751 850 1787 autem
883 1746 1039 1786 iterum
1071 1745 1156 1798 legi
1190 1744 1455 1786 Hartmanni
1483 1750 1752 1785 commenta-

264 1824 428 1865 tionem
475 1822 735 1876 elegantem,
777 1823 952 1876 egregie
993 1823 1205 1862 erravisse
1246 1835 1346 1863 eum
1378 1822 1592 1875 opinabar
1626 1827 1757 1876 atque

264 1901 434 1954 opinor.
492 1900 616 1941 Haec
673 1900 788 1940 enim
845 1905 946 1940 sunt
1003 1899 1094 1940 eius
1151 1899 1308 1940 verba:
1358 1899 1539 1952 „Nuper
1587 1898 1757 1939 Theod.

265 1979 566 2018 Mommsenus
612 1977 810 2017 oratione
856 1975 1060 2030 quadarn,
1109 1990 1223 2030 quae
1269 1975 1353 2016 loci
1400 1976 1633 2016 Horatiani
1680 1976 1756 2017 ΙΙΙ.

269 2067 306 2108 3.
359 2064 411 2108 57
457 2068 554 2109 sqq.
602 2067 706 2095 vera
753 2059 869 2094 esset
909 2053 974 2094 vis
1016 2054 1190 2107 egregie
1232 2053 1447 2094 ostendit:
1490 2053 1760 2106 argumentis

266 2133 381 2174 enim
424 2145 585 2185 magno
626 2131 825 2172 acumine
867 2144 1114 2185 magnaque
1146 2130 1346 2171 doctrina
1377 2130 1546 2172 collatis
1578 2130 1759 2170 demon-

266 2211 422 2252 stravit
454 2210 540 2250 iam
573 2208 826 2262 Augustum
858 2208 914 2248 de
945 2208 1048 2248 sede
1080 2208 1250 2261 imperii
1278 2208 1422 2247 Roma
1449 2207 1491 2247 in
1519 2206 1757 2256 Orientem,

267 2287 357 2327 sive
400 2286 580 2327 Troiam
619 2286 709 2326 sive
742 2286 782 2325 in
817 2284 945 2326 aliam
979 2285 1131 2326 urbem
1163 2283 1466 2326 transferenda
1499 2283 1758 2337 cogitasse.''

327 2363 459 2418 Quod
491 2364 546 2404 ad
578 2362 650 2403 illa
683 2360 996 2416 „argumenta”
1031 2362 1339 2403 auctoritatem
1367 2361 1502 2401 affero
1519 2360 1759 2401 doctissimi

268 2442 348 2482 viri
382 2440 603 2481 Karstenii
635 2440 708 2494 qui
741 2440 832 2494 ipse
864 2439 1284 2480 demonstrationem
1311 2451 1434 2479 suam
1462 2438 1582 2478 hisce
1610 2438 1761 2491 incipit

268 2520 413 2561 verbis
430 2520 486 2574 2);
542 2517 807 2568 „Clarissimi
853 2518 931 2558 viri
980 2518 1282 2571 interpretatio
1329 2530 1440 2571 quae
1487 2517 1530 2556 in
1578 2515 1761 2557 solemni

269 2597 467 2638 oratione
486 2595 778 2650 promulgari
801 2601 988 2648 tantum,
1016 2609 1100 2635 non
1121 2594 1398 2648 argumentis
1406 2593 1596 2647 probari
1605 2592 1760 2646 potuit,

322 2757 354 2798 1)
383 2757 461 2789 »De
487 2755 646 2789 Horatio
671 2755 808 2788 Poeta”
835 2764 920 2800 pag.
950 2763 1026 2788 120.

321 2839 356 2882 2)
381 2837 438 2872 Cf.
463 2837 514 2872 1.1.
540 2848 624 2883 pag.
655 2844 731 2882 155.
