1955 3157
965 199 988 240 3

565 316 814 351 Fastidiosus:
842 316 916 351 Sed
941 316 1054 350 timor
1079 321 1115 350 et
1142 315 1267 349 minae

565 376 758 410 Scandunt
783 375 917 410 eodem
942 386 1018 420 quo
1042 374 1230 416 dominus,
1256 384 1381 419 neque

613 435 771 469 Decedit
796 439 924 469 aerata
950 433 1093 468 triremi
1121 440 1157 468 et

422 504 470 537 40
659 495 746 528 Post
771 494 936 539 equitem
962 493 1066 527 sedet
1092 498 1175 527 atra
1202 503 1306 527 cura.

566 588 676 633 Quod
702 589 732 623 si
757 588 947 623 dolentem
974 598 1043 622 nec
1069 588 1254 632 Phrygius
1280 587 1376 632 lapis

566 648 644 682 Nec
671 658 925 693 purpurarum
952 647 1072 682 sidere
1099 647 1236 681 clarior

613 707 764 741 Delenit
790 718 878 741 usus
903 718 972 741 nec
998 707 1161 740 Falerna

661 766 758 801 Vitis
783 766 1156 811 Achaemeniumque
1182 771 1338 808 costum,

422 869 466 905 45
565 861 642 895 Cur
666 860 880 895 invidendis
906 860 1076 906 postibus
1102 865 1138 894 et
1163 871 1264 894 novo

566 920 737 954 Sublime
764 920 836 954 ritu
863 920 999 954 moliar
1024 920 1191 954 atrium?

614 979 691 1014 Cur
717 979 816 1013 valle
841 985 1052 1025 permutem
1079 979 1220 1013 Sabina

661 1039 823 1073 Divitias
849 1038 1106 1084 operosiores?

590 1178 671 1230 §L
706 1177 779 1217 DE
812 1175 967 1220 CARM.
1001 1176 1019 1216 Ι
1054 1184 1274 1217 STROPHA
1312 1180 1367 1217 1³.

295 1278 343 1318 In
401 1278 606 1318 carminis
662 1278 790 1331 primi
838 1277 978 1331 prima
1023 1277 1207 1330 stropha
1254 1276 1403 1317 statim
1451 1276 1730 1316 dissensionis

234 1368 366 1396 causa
413 1356 562 1398 oritur.
612 1354 731 1409 Quid
777 1354 870 1396 vult
912 1354 1071 1408 poeta?
1115 1353 1372 1407 Respondet
1404 1354 1728 1394 Mommsenus:

238 1433 346 1482 „Est
378 1431 623 1487 propheta'’
653 1432 735 1473 Est
762 1431 981 1486 propheta
1007 1431 1301 1472 monarchiae.
1330 1431 1495 1484 Atque,
1525 1437 1572 1471 ut
1591 1430 1730 1472 solent

234 1510 433 1551 homines
465 1510 766 1559 vaticinantes,
802 1523 876 1550 eos
909 1514 1081 1550 tantum
1113 1514 1297 1562 spectat,
1332 1522 1442 1562 quos
1469 1508 1614 1548 verbis
1642 1508 1730 1548 suis

234 1587 366 1628 fidem
398 1593 546 1641 sperat
578 1587 846 1628 tributuros:

663 1719 706 1723 —
734 1698 944 1743 virginibus
970 1698 1169 1744 puerisque
1195 1703 1318 1732 canto.

295 1803 468 1855 „Ceteri
515 1804 644 1857 enim,
689 1802 841 1857 inquit,
886 1801 1098 1843 bellorum
1137 1801 1326 1841 civilium
1359 1799 1470 1840 odiis
1501 1799 1729 1853 depravati

234 1881 320 1931 ‘die
365 1881 501 1922 Alteri
544 1880 632 1921 und
675 1880 853 1921 Kalten'
895 1879 951 1920 ad
994 1879 1310 1919 correctionem
1343 1890 1431 1917 non
1463 1882 1563 1918 sunt
1594 1876 1729 1930 apti.‘'

294 1957 419 2011 Quae
451 1958 556 1999 dicit
588 1958 653 1998 vir
685 1957 841 1997 doctus
870 1957 1048 1997 minime
1076 1955 1366 2008 improbanda
1392 1954 1498 1995 mihi
1515 1953 1729 2003 videntur,

235 2037 315 2077 nisi
361 2036 480 2090 quod
527 2034 827 2088 „prophetae”
871 2047 982 2087 quos
1022 2040 1183 2074 vocant
1224 2032 1404 2074 alicuius
1446 2032 1547 2072 novi
1585 2044 1730 2072 rerum

233 2120 386 2163 status,
420 2126 573 2154 omnes
603 2112 660 2153 ad
693 2125 814 2152 suam
847 2111 1109 2152 sententiam
1137 2110 1379 2164 perducere
1406 2122 1537 2162 quam
1566 2122 1730 2162 paucos

234 2205 381 2232 arcere
433 2190 613 2231 malunt.
661 2188 808 2243 Quare
860 2189 1002 2229 minus
1049 2188 1195 2228 forsan
1243 2193 1359 2227 recte
1406 2199 1537 2239 quam
1586 2187 1731 2226 iocose

235 2282 387 2310 vocem
421 2268 534 2309 hanc
565 2266 777 2308 adhibuit.
813 2291 868 2296 —
903 2265 989 2308 Sed
1022 2265 1132 2306 haec
1163 2265 1344 2305 minoris
1377 2270 1477 2304 sunt
1505 2263 1729 2304 momenti.

236 2346 387 2387 Laude
418 2346 597 2386 omnino
629 2345 763 2398 digna
794 2350 860 2385 est
892 2343 1195 2397 interpretatio
1228 2356 1314 2396 qua
1342 2355 1517 2382 versum
1546 2340 1732 2382 illustrat

235 2424 423 2477 primum
470 2436 601 2476 saepe
635 2422 747 2463 male
780 2421 1075 2463 intellectum:

710 2533 782 2569 Odi
808 2533 1008 2579 profanum
1036 2532 1171 2576 volgus
1199 2551 1242 2556 —-

295 2637 444 2680 Antea
475 2638 592 2678 enim
624 2636 809 2678 multum
840 2635 1006 2676 laudati
1039 2633 1333 2686 laudandique
1366 2632 1625 2686 interpretes
1653 2630 1730 2671 vix

235 2727 387 2755 verum
414 2728 590 2755 sensum
616 2713 861 2768 capiebant.
891 2712 1059 2753 Tacent
1083 2709 1305 2752 Bentleius
1322 2717 1366 2751 et
1383 2708 1727 2762 Peerlkampius.

237 2792 526 2846 Kiesslingius
558 2792 891 2845 interpretatur:
927 2788 1038 2838 „den
1071 2801 1253 2842 grossen
1287 2786 1508 2828 Haufen''.
