1955 3157
927 217 981 258 39

212 349 391 390 prorsus
423 337 623 390 ineptam
656 349 750 377 esse
781 336 895 377 hanc
926 336 1167 390 stropham.
1203 337 1378 378 Etenim
1411 337 1705 391 splendidissi-

214 427 332 454 mam
373 413 654 454 commendat
695 413 915 461 virtutem‚
958 413 1239 454 intaminatos
1282 413 1484 466 honores,
1525 428 1704 469 magna-

212 490 456 531 nimitatem
503 489 620 530 illam
668 504 754 545 qua
801 489 917 544 apud
964 491 1169 545 antiquos
1216 491 1284 532 vel
1332 492 1473 545 magis
1519 491 1704 533 fortasse

209 566 484 608 excellebant
530 580 662 621 quam
711 573 861 608 nostra
902 573 1048 608 aetate
1090 568 1170 608 viri
1212 567 1359 617 fortes,
1405 568 1628 622 pugnandi
1660 575 1704 610 et

210 644 422 685 moriendi
454 658 534 698 pro
567 645 721 698 patria.
752 644 868 685 Ecce
895 658 998 685 vero
1025 644 1165 699 qualis
1189 646 1462 699 subiungitur
1480 646 1701 687 stimulus!

209 721 278 762 Ne
313 721 520 762 fallamini
558 722 769 762 carissimi
801 722 887 762 mei
919 722 1066 775 pueri!
1100 722 1247 762 Nolite
1278 736 1442 777 quaeso
1473 723 1628 764 timere
1661 729 1703 764 et

208 798 341 839 nolite
373 798 564 852 effugere
596 811 654 838 ex
686 799 802 839 acie:
834 805 981 839 tamen
1014 805 1202 840 mortem
1236 813 1323 840 non
1355 800 1572 842 vitabitis!
1602 801 1703 841 Non

208 876 379 929 negabo
407 876 538 918 talem
567 876 960 917 considerationem
987 875 1250 930 philosopho
1274 890 1368 918 esse
1387 877 1701 931 dignissimam,

207 953 377 1007 placide
434 954 722 994 ratiocinante
781 960 825 995 et
882 953 1052 1007 singula
1109 954 1300 1007 pericula
1355 954 1501 1007 digitis
1548 961 1596 995 ut
1642 955 1702 996 ita

207 1032 349 1072 dicam
391 1037 688 1084 computante.
734 1030 798 1072 At
829 1030 914 1071 hoc
945 1030 1042 1071 loco
1075 1031 1218 1084 posita
1250 1045 1428 1085 prorsus
1460 1031 1702 1085 exstinguit

206 1108 407 1149 ardorem
434 1108 554 1149 illurn
582 1108 934 1163 desideriumque
961 1108 1175 1149 honorum
1204 1122 1293 1162 quo
1322 1108 1505 1162 flagrare
1523 1109 1701 1149 omnino

205 1186 337 1227 debet
380 1187 579 1227 iuventus
620 1185 838 1228 bellicosa.
883 1186 990 1234 Nec,
1034 1192 1081 1227 ut
1113 1192 1242 1227 antea
1273 1186 1359 1226 iam
1392 1186 1523 1236 innui,
1557 1186 1700 1227 facere

204 1277 381 1316 possum
415 1277 512 1304 cum
547 1263 608 1312 iis,
643 1263 716 1317 qui
749 1263 829 1303 viri
861 1262 984 1303 fortis
1012 1263 1264 1304 dissimilem
1294 1263 1559 1317 „poplitibus
1584 1263 1699 1305 timi-

204 1340 348 1393 doque
389 1333 544 1394 tergo'’
580 1340 765 1394 proponi
799 1340 994 1390 credunt,
1028 1353 1117 1395 quo
1150 1341 1289 1393 magis
1322 1340 1535 1381 excelleat
1566 1341 1697 1390 alter3

203 1418 306 1472 quia
337 1417 564 1458 manifeste
591 1423 847 1472 premuntur
872 1431 1024 1458 voces:
1055 1418 1182 1458 Mors
1208 1418 1250 1458 in
1277 1418 1440 1469 altero;
1469 1431 1541 1458 nec
1550 1418 1702 1471 parcit

203 1495 245 1536 in
277 1495 408 1537 tertio
439 1508 568 1536 versu
587 1495 631 1548 1).

336 1627 417 1679 §4
453 1627 527 1667 DE
560 1625 714 1669 CARM.
749 1626 789 1666 II
822 1634 1052 1667 STROPHIS
1087 1626 1213 1678 5—6.
1248 1626 1562 1668 DIVIDUNTUR

544 1712 870 1744 INTERPRETES
902 1712 953 1743 IN
984 1712 1103 1744 TREs
1135 1712 1343 1745 CLAsssss.

261 1799 353 1840 Iam
395 1812 510 1839 nova
551 1799 688 1840 oritur
729 1799 941 1853 quaestio,
986 1805 1080 1840 arte
1114 1799 1291 1854 quidem
1324 1799 1564 1840 cohaerens
1596 1813 1695 1840 cum

201 1890 253 1918 ea
299 1877 354 1917 de
396 1890 483 1931 qua
524 1875 658 1916 modo
700 1876 914 1926 diximus;
958 1876 1153 1917 nondum
1186 1883 1335 1918 tamen
1367 1876 1469 1917 data
1501 1890 1636 1930 opera
1669 1891 1696 1918 a

200 1954 327 1995 nobis
372 1960 574 1996 tractata.
624 1953 692 1993 De
734 1952 1052 2007 significatione
1097 1954 1380 2007 stropharum
1422 1954 1601 2008 quintae
1643 1967 1694 1995 ac

251 2073 283 2117 1)
309 2073 395 2106 Non
421 2078 513 2118 puto
539 2077 691 2117 poetam
717 2071 754 2105 in
781 2071 914 2106 eodem
941 2071 1119 2105 orationis
1145 2077 1319 2105 contextu
1354 2070 1515 2105 eundem
1542 2081 1693 2105 versum

199 2132 385 2166 invenisse
410 2132 511 2177 apud
537 2132 780 2166 Simonidem.
808 2131 1024 2166 Dolendum
1051 2142 1152 2173 sane,
1178 2131 1279 2176 quod
1309 2141 1383 2164 non
1410 2130 1480 2164 nisi
1506 2130 1691 2174 fragmen·

199 2196 278 2225 tum
318 2191 426 2225 nobis
462 2197 589 2225 restat.
628 2191 770 2225 Verum
808 2190 909 2236 quod
946 2191 1078 2225 attinet
1116 2190 1164 2224 ad
1199 2190 1357 2224 alteram
1382 2195 1528 2235 partem
1555 2189 1592 2223 in
1617 2200 1693 2234 qua

198 2251 405 2294 Tyrtaeum
431 2256 486 2284 est
512 2256 677 2285 secutus:

531 2326 650 2361 Dulce
676 2332 713 2361 et
738 2326 917 2361 decorum
943 2332 998 2360 est
1023 2337 1092 2372 pro
1117 2326 1239 2372 patria
1264 2326 1359 2360 mori

247 2404 330 2449 Ipse
363 2404 548 2448 Tyrtaeus
573 2403 701 2448 utique
727 2403 873 2445 melius,
899 2403 978 2448 ipse
1002 2403 1143 2448 optime
1169 2403 1281 2437 finem
1307 2414 1416 2438 suum
1443 2403 1692 2449 prosequitur,

197 2463 332 2497 acriter
358 2463 511 2506 instans,
535 2462 779 2497 vehementer
800 2462 1015 2508 impellens:
1029 2463 1148 2508 θυμῷ
1163 2468 1230 2509 γῆς
1244 2463 1458 2509 περὶτῆσὸε
1469 2463 1692 2510 μαχώμεθα

198 2525 263 2558 καὶ
291 2524 380 2569 περὶ
406 2523 555 2558 παίδων
576 2522 812 2568 θνήσκωμεν
832 2524 992 2567 ψυχέων
1012 2525 1148 2568 μηκέτι
1170 2523 1403 2568 φειδόμενοι.
1426 2524 1454 2556 ὦ
1476 2525 1568 2565 νέοι,
1583 2522 1691 2556 ἀλλὰ

197 2582 374 2628 μάχεσθε
400 2581 491 2628 παρ’
517 2581 733 2626 ἀλλήλοισι
758 2583 942 2627 μένοντεσ
965 2581 1064 2627 μηδὲ
1091 2587 1219 2627 φυγῆσ
1243 2583 1410 2627 αἰσχρῆσ
1435 2582 1568 2627 ἄρχετε
1592 2582 1690 2627 μηδὲ

198 2644 332 2688 φόβου,
370 2641 478 2676 ἀλλὰ
515 2644 639 2687 μέγαν
676 2640 854 2675 ποιεῖσθε
888 2642 953 2675 καὶ
986 2640 1157 2687 ἄλκιμον
1190 2643 1232 2675 ἐν
1265 2643 1380 2687 φρεσὶ
1416 2641 1560 2687 θυμόν)
1591 2641 1690 2687 μηδὲ

199 2699 448 2747 φιλοψυχεῖτ’
474 2701 636 2746 ἀνδράσι
660 2701 915 2746 μαρνάμενοι.

244 2759 356 2793 Tales
381 2759 506 2793 hercle
533 2770 661 2793 versus
686 2759 770 2803 quis
795 2765 849 2793 est
871 2759 930 2793 cui
953 2770 1028 2793 non
1048 2759 1246 2804 placeant?
1268 2759 1452 2794 Ardorem
1468 2759 1573 2794 illum
1587 2758 1688 2805 apud

199 2818 399 2852 Horatium
425 2829 577 2864 prorsus
601 2818 759 2853 deficere
786 2817 981 2853 fatendum
1007 2825 1071 2853 est.
