1955 3157
950 246 1030 287 160

251 382 318 422 sit.
360 381 454 421 Iam
496 379 710 420 malorum
752 391 864 432 quae
896 376 1122 416 imminent
1155 375 1328 415 unicum
1363 374 1602 414 remedium
1637 387 1741 427 prae

252 458 455 499 omnibus
501 457 694 510 assignat
727 455 984 508 religionum
1018 452 1351 494 restitutionem.
1388 451 1456 492 En
1487 451 1579 492 eius
1612 464 1741 504 argu-

253 534 489 576 mentatio:

609 592 780 633 Delicta
812 591 1026 631 maiorum
1057 588 1149 629 lues
1183 588 1395 638 Romane,

254 672 334 712 nisi
362 671 514 712 redeas
541 670 596 711 ad
624 670 851 723 pristinam
879 674 998 709 tuam
1027 668 1249 720 pietatem,
1278 666 1547 719 deorumque
1566 665 1743 706 cultum.

256 748 435 801 Contra,
467 748 500 787 si
534 746 723 795 redieris,
758 744 1004 798 imperabis.

314 824 513 878 Neglecti
561 823 619 863 dii
668 821 783 862 mala
829 820 1042 861 dederunt
1090 819 1227 861 multa
1268 820 1449 873 patriae,
1493 825 1541 860 ut
1573 824 1746 860 constat

257 917 314 944 ex
360 899 665 942 recentissimis
712 899 906 939 miseriis.
955 896 1183 951 Quaenam
1227 910 1329 937 vero
1371 902 1472 937 sunt
1515 896 1748 950 praecipua

258 980 416 1021 delicta
447 976 688 1019 maiorum?
722 975 833 1017 Sunt
864 975 1090 1025 adulteria,
1120 974 1276 1029 quibus
1304 974 1478 1027 nuptias
1506 974 1746 1028 inquinant.

259 1058 331 1098 Ex
378 1057 452 1097 tali
499 1061 645 1095 autem
693 1053 973 1094 matrimonio
1019 1052 1124 1106 quid
1167 1056 1368 1092 nascetur
1409 1051 1490 1092 nisi
1532 1050 1674 1091 mollis
1706 1055 1750 1090 et

259 1136 406 1188 inepta
442 1134 655 1181 iuventus,
689 1144 803 1185 quae
835 1130 1022 1184 patriam
1057 1142 1143 1169 non
1176 1128 1382 1169 defendet
1413 1128 1525 1168 sicut
1556 1127 1614 1168 illi
1646 1127 1750 1168 olim

257 1212 336 1252 viri
369 1210 503 1251 fortes
536 1223 561 1249 a
588 1208 798 1249 matribus
826 1207 914 1247 suis
932 1219 1081 1246 severe
1101 1206 1373 1259 ingenueque
1392 1205 1564 1246 educati
1582 1204 1751 1246 fortiter

258 1301 356 1328 eam
379 1286 679 1327 defenderunt.
700 1285 792 1325 Iam
811 1290 957 1324 autem
975 1297 1001 1323 a
1018 1283 1240 1337 peioribus
1258 1283 1312 1323 ad
1331 1283 1520 1336 pessima
1537 1281 1748 1330 labemur,

260 1366 339 1406 nisi
372 1377 449 1405 vos
481 1363 581 1404 huic
613 1375 784 1403 morum
813 1361 1116 1414 depravationi
1144 1367 1318 1401 strenue
1345 1359 1475 1400 finem
1503 1359 1750 1413 imponatis,

260 1442 383 1496 Quae
431 1441 545 1481 enim
592 1445 739 1480 vestra
786 1444 851 1479 est
897 1438 1180 1487 consuetudo,
1229 1437 1464 1478 liberorum
1506 1442 1752 1477 vestrorum

262 1519 336 1560 fiet
370 1525 537 1559 natura.

594 1611 808 1643 >Damnosa
834 1607 927 1653 quid
951 1618 1026 1642 non
1053 1607 1241 1641 imminuit
1266 1606 1345 1641 dies
1356 1607 1392 1641 ?”

322 1703 462 1744 Vobis
493 1714 597 1754 ergo
629 1700 926 1741 adhibendum
959 1705 1025 1740 est
1058 1698 1298 1739 remedium
1331 1698 1530 1739 unicum:

595 1793 736 1828 »donec
761 1793 903 1838 templa
929 1791 1103 1827 refeceris

595 1852 783 1897 aedesque
808 1852 979 1885 labentes
1005 1851 1162 1885 deorum
1189 1857 1225 1884 et

596 1911 705 1946 foeda
731 1911 837 1955 nigro
864 1911 1065 1944 simulacra
1091 1909 1229 1944 fumo.”

326 1998 372 2040 Si
404 1999 459 2039 ad
492 1998 674 2038 deorum
707 1996 871 2037 cultum
904 1995 1179 2043 reverteritis,
1209 1995 1251 2034 in
1281 1994 1370 2046 ipso
1397 1993 1623 2034 invenietis
1642 2006 1756 2047 quae

268 2076 549 2130 perdiderunt
596 2079 823 2128 parentes:
872 2073 1152 2127 antiquorum
1200 2071 1502 2111 Romanorum
1549 2070 1756 2111 virtutem

269 2153 448 2194 virilem.

329 2230 379 2270 In
412 2229 495 2269 fine
528 2228 636 2269 haec
668 2227 887 2267 monenda
919 2231 1105 2266 sunt...
1140 2225 1355 2266 Primum:
1384 2225 1494 2265 sicut
1523 2224 1564 2264 in
1584 2222 1758 2277 reliquis

271 2307 365 2347 odis
398 2306 595 2359 exposui,
625 2318 765 2358 neque
792 2304 861 2344 hic
888 2317 1048 2356 negare
1075 2302 1287 2343 voluerim
1314 2301 1548 2341 Horatium
1566 2300 1758 2353 Augusti

273 2397 502 2425 memorem
550 2381 727 2436 quidem
775 2380 928 2430 fuisse,
977 2393 1163 2434 eumque
1206 2378 1260 2419 de
1301 2378 1512 2419 industria
1544 2378 1586 2417 in
1618 2377 1760 2431 prima

273 2459 465 2513 stropha,
500 2458 801 2512 metaphorico
833 2471 958 2498 usum
990 2469 1149 2510 genere
1177 2455 1360 2505 dicendi,
1391 2454 1647 2507 templorum
1665 2460 1760 2495 tan-

274 2543 367 2578 tum
395 2536 545 2576 fecisse
574 2535 852 2583 mentionem,
882 2533 982 2574 dum
995 2533 1202 2586 pietatem
1221 2532 1466 2573 universam
1483 2530 1758 2584 significaret.

335 2613 470 2653 Dein:
518 2613 658 2665 magis
704 2612 842 2664 premi
885 2611 1044 2651 debere
1087 2610 1128 2650 in
1158 2608 1515 2662 interpretatione
1547 2607 1762 2661 poematis

275 2689 537 2731 vocabulum
580 2689 683 2729 illud
725 2689 928 2741 primum,
971 2687 1089 2741 quod
1132 2692 1198 2726 est
1231 2685 1472 2735 „Delz'cta”.
1508 2684 1588 2724 Per
1618 2690 1760 2725 totum

277 2767 391 2806 enim
439 2766 572 2806 ferme
619 2779 794 2806 carmen
842 2765 883 2804 in
931 2764 1014 2804 hoc
1051 2769 1249 2804 versatur
1290 2768 1435 2816 poeta,
1478 2767 1526 2802 ut
1557 2761 1761 2802 vitiorum

278 2856 376 2883 cum
424 2843 704 2896 ignominiam
752 2848 844 2883 tum
892 2841 1155 2882 miserrimos
1203 2839 1420 2880 describat
1462 2844 1655 2879 eventus.
1689 2837 1762 2878 Ex
