1955 3157
901 207 953 248 37

177 326 232 367 V·
425 383 487 418 IV.
514 394 548 428 9,
576 391 630 428 50.
1163 386 1228 421 111.
1256 395 1288 427 2,
1319 385 1466 429 14—16.

177 454 384 500 »Peiusque
408 454 483 489 leto
509 454 692 499 flagitium
719 455 846 490 timet'’
958 476 1002 481 ——
1030 457 1175 491 ›Mors.
1192 484 1200 492 .
1215 484 1223 493 .
1238 484 1246 491 .
1273 468 1341 492 nec
1366 458 1486 504 parcit
1508 458 1670 494 imbellis

1003 516 1179 551 iuventae
1215 517 1423 563 poplitibus
1463 518 1670 564 timidoque

1003 576 1145 619 tergo”.

173 622 252 663 VI.

372 681 435 715 IV.
461 690 495 725 9,
523 687 672 726 51—52.
1206 683 1272 718 111.
1300 693 1332 727 2,
1363 692 1413 727 13.

174 753 280 787 »Non
303 752 365 786 ille
387 763 454 798 pro
469 778 573 789 .....
591 753 713 798 patria
728 753 883 788 timidus
959 753 1104 788 »Dulce
1130 758 1167 787 et
1187 752 1366 788 decorum
1389 759 1444 788 est
1465 765 1533 800 pro
1547 754 1669 800 patria

219 813 362 858 perire”
1004 813 1135 847 mori”.

231 909 392 950 Adicio
419 909 578 950 deinde
604 923 717 963 quae
746 923 877 963 supra
894 910 926 963 1>
954 909 1009 950 ad
1038 908 1387 950 confirmandam
1416 910 1666 963 opinionem

170 987 355 1040 exposui
403 993 446 1028 et
492 1001 572 1040 pro
620 995 740 1028 certo
783 986 1034 1028 habendam
1077 1001 1172 1028 esse
1213 987 1357 1028 iudico
1396 988 1608 1029 unitatem
1643 1002 1668 1028 a

170 1071 302 1118 poeta
333 1078 426 1105 esse
458 1071 703 1118 spectatam
736 1064 805 1105 vel
838 1071 885 1106 ut
917 1064 1012 1105 aliis
1039 1064 1181 1105 verbis
1209 1071 1306 1105 utar
1335 1078 1433 1105 eum
1461 1066 1517 1106 ab
1544 1066 1667 1106 initio

170 1148 347 1183 cantare
403 1142 591 1183 voluisse
638 1141 812 1183 laudem
858 1143 1042 1192 virtutis,
1092 1156 1359 1196 quamquam
1408 1143 1450 1182 in
1497 1141 1667 1183 duabus

169 1226 341 1261 tantum
383 1219 576 1273 strophis
618 1220 713 1273 ipso
745 1220 918 1260 nomine
951 1233 1047 1261 eam
1080 1220 1256 1261 indicat.
1291 1218 1390 1273 Qua
1423 1220 1591 1260 ratione
1624 1221 1665 1260 in

170 1297 219 1338 iis
251 1310 364 1350 quae
395 1304 636 1350 sequuntur
668 1297 768 1338 insit
800 1298 971 1338 virtutis
1005 1299 1099 1339 ἰδέα
1131 1297 1236 1337 alias
1268 1297 1512 1337 videbimus
1530 1295 1574 1350 2).

508 1423 589 1475 33.
623 1422 697 1463 DE
730 1421 884 1465 CARM.
920 1423 962 1463 II
994 1431 1215 1463 STROPHA
1245 1427 1310 1473 4³.

228 1517 340 1558 Nam
370 1518 558 1572 primum
587 1530 727 1571 pauca
754 1523 855 1558 sunt
882 1517 1068 1558 dicenda
1095 1517 1149 1557 de
1177 1517 1359 1571 stropha
1376 1523 1544 1570 quarta,
1565 1531 1664 1558 cum

167 1595 222 1636 de
254 1595 316 1645 iis,
352 1609 463 1649 quae
492 1596 534 1636 in
561 1609 614 1635 ea
642 1595 930 1645 continentur,
960 1601 1052 1636 tum
1081 1595 1135 1635 de
1163 1595 1257 1649 ipsa
1284 1595 1450 1635 ratione
1478 1595 1664 1636 dicendi.

225 1671 490 1726 Iampridem
524 1671 648 1713 multi
681 1672 761 1713 viri
794 1671 912 1713 docti
946 1685 1126 1726 operam
1160 1672 1388 1721 dederunt,
1423 1678 1470 1713 ut
1502 1672 1663 1724 ubique

166 1749 339 1790 Horatii
395 1750 637 1790 carminum
697 1748 870 1790 Graeca
927 1749 1170 1790 invenirent
1213 1749 1430 1803 exempla.
1482 1750 1663 1790 Frustra

165 1826 297 1879 igitur
328 1827 596 1881 quaesiveris
629 1840 753 1877 nova,
788 1840 902 1881 quae
935 1827 1129 1867 nondum
1162 1827 1217 1867 ab
1244 1827 1337 1867 aliis
1364 1827 1450 1868 sint
1476 1828 1660 1880 prolata.

167 1902 428 1945 Cautissime
459 1904 721 1944 versandum
755 1918 850 1944 esse
883 1904 922 1944 in
957 1904 1041 1944 hac
1074 1917 1119 1944 re
1151 1905 1319 1958 optimo
1349 1905 1505 1958 cuique
1533 1904 1663 1944 hodie

165 1995 419 2035 persuasum
463 1988 528 2022 est
568 2005 626 2011 —
670 1981 903 2022 Iurenkam
945 1982 1141 2035 aliosque
1184 1995 1347 2035 paucos
1385 1982 1420 2022 si
1452 1981 1659 2035 excipias.

166 2059 327 2099 Poetae
375 2059 489 2098 enim
533 2057 802 2099 Graecorum
845 2057 1209 2111 philosophorum
1253 2058 1453 2099 doctrina
1489 2059 1662 2112 penitus

165 2136 334 2177 imbuto
361 2142 493 2190 atque
520 2149 836 2189 saepenumero
866 2135 1134 2177 Graecorum
1154 2142 1384 2189 poetarum
1403 2142 1662 2189 argumenta

165 2226 242 2253 sua
273 2213 448 2254 facienti
480 2212 779 2253 difficillimum
811 2227 915 2253 sane
947 2214 1028 2255 erit
1061 2227 1282 2267 nunquam
1316 2213 1492 2254 easdem
1525 2212 1661 2254 ferme

165 2291 402 2331 sententias
449 2290 635 2331 tradere.
678 2291 832 2344 Itaque
875 2304 961 2331 non
1004 2291 1083 2331 nisi
1125 2297 1253 2331 caute
1294 2291 1561 2344 opinandum
1594 2297 1661 2332 est

165 2367 452 2408 imitationem
500 2367 554 2408 de
602 2367 814 2408 industria
855 2367 925 2408 hic
967 2367 1129 2409 factam
1170 2381 1265 2408 esse
1308 2368 1363 2408 ab
1407 2368 1594 2408 Horatio
1612 2368 1658 2421 3).

216 2491 250 2534 1)
274 2490 369 2525 Vide
394 2501 491 2536 quae
517 2491 603 2525 inde
629 2502 651 2525 a
678 2502 761 2537 pag.
791 2501 836 2534 24
861 2491 1113 2536 exposuimus.

213 2563 248 2605 2)
274 2561 330 2596 Cf.
357 2573 441 2608 pag.
472 2571 516 2607 39
543 2573 624 2607 sqq.

212 2633 248 2676 3)
274 2633 505 2676 Innumeros,
519 2644 613 2678 quos
626 2633 674 2667 de
687 2633 758 2667 hac
777 2644 816 2667 re
831 2633 947 2667 libros
961 2633 1262 2679 conscripserunt
1276 2634 1346 2668 viri
1359 2633 1471 2678 docti,
1485 2634 1659 2669 laudatos

164 2691 330 2726 invenies
365 2692 402 2726 in
435 2692 705 2727 commentario
738 2692 1058 2727 Arnoldii-Friesii
1088 2693 1152 2738 qui
1178 2693 1408 2728 inscribitur:
1438 2694 1530 2728 »Die
1555 2694 1659 2728 Grie-

164 2751 342 2785 chischen
368 2751 524 2786 Studien
551 2751 617 2785 des
644 2752 789 2785 Horaz”
817 2762 901 2796 pag.
929 2752 982 2785 IX
1008 2763 1089 2797 sqq,

213 2810 296 2855 Ipse
323 2811 480 2856 scriptor
505 2810 748 2846 absurditatis
773 2810 885 2845 credo
911 2811 1060 2845 culmen
1081 2811 1216 2856 attigit,
1237 2812 1384 2855 singula
1405 2818 1537 2858 poetae
1557 2812 1658 2847 dicta
