1955 3157
926 275 981 326 78

265 408 351 450 Sed
383 407 509 448 aliter
540 420 585 447 se
612 406 747 447 habet
773 405 971 459 quaestio
999 404 1053 444 de
1077 401 1260 455 Quirino
1277 402 1351 456 qui
1368 402 1481 441 alter
1498 400 1695 442 Bacchus

205 486 276 526 hic
322 484 490 526 dicitur.
539 484 744 532 Ubinam,
794 495 932 536 roges,
981 480 1084 521 talia
1131 479 1361 533 leguntur?
1404 478 1556 532 Atque
1597 478 1698 518 licet

206 562 473 616 digressione
530 575 667 615 parva
722 561 776 600 sit
823 571 946 612 opus,
997 570 1154 611 operae
1201 562 1350 596 tamen
1396 556 1586 609 pretium
1631 561 1699 596 est

208 640 419 693 inspicere
455 639 570 679 viam
602 652 688 692 qua
720 637 785 677 vir
817 635 1095 677 doctissimus
1127 633 1213 674 huc
1246 633 1506 687 pervenerit.
1539 632 1696 686 Singu-

208 717 344 757 larem
386 716 502 756 enim
542 714 908 768 significationem
949 712 1081 753 tribui
1121 711 1280 751 debere
1313 710 1442 751 docet
1474 716 1601 751 acute
1632 709 1697 749 vir

209 795 364 835 doctus
405 793 486 846 ipsi
529 791 670 832 ordini
711 804 799 844 quo
832 788 1111 843 proferuntur
1143 787 1326 828 heroum
1358 787 1478 827 varia
1509 786 1697 827 nomina.

271 870 415 920 „Zwei
449 869 619 908 Namen
652 881 728 908 aus
756 865 833 906 der
862 865 1174 906 Griechischen
1202 863 1480 917 Mythologie
1508 863 1702 903 eroffnen

211 948 280 988 die
323 946 475 995 Reihe,
519 945 650 985 ihnen
691 943 802 996 folgt
833 942 909 983 der
941 955 1092 996 grosze
1125 942 1290 982 Romer
1322 940 1564 994 Augustus,
1598 939 1702 981 Und

212 1022 385 1064 obwohl
427 1021 540 1062 noch
582 1020 651 1061 die
693 1020 832 1060 Verse
880 1031 925 1059 11
972 1019 1060 1059 und
1109 1029 1158 1059 12
1202 1032 1327 1058 wenn
1359 1031 1460 1058 man
1493 1018 1555 1057 sie
1587 1016 1703 1057 ohne

213 1099 455 1142 Rucksicht
495 1098 574 1140 auf
609 1098 686 1138 das
724 1097 927 1150 folgende
958 1097 1067 1145 liest,
1101 1109 1244 1149 genau
1276 1109 1325 1135 so
1357 1094 1605 1143 darstellen,
1639 1093 1703 1135 als

213 1178 326 1218 habe
357 1177 494 1217 damit
522 1175 598 1216 der
627 1175 809 1215 Dichter
837 1175 961 1214 einen
988 1174 1200 1227 gewissen
1228 1171 1475 1213 Abschlusz
1502 1171 1702 1222 erreicht,

214 1254 342 1308 greift
375 1267 420 1294 er
452 1266 538 1293 nun
572 1251 708 1293 durch
741 1251 1009 1304 Anffihrung
1035 1250 1112 1291 des
1141 1250 1338 1290 Bacchus
1366 1248 1526 1290 wieder
1544 1248 1622 1290 auf
1634 1248 1704 1288 die

215 1331 433 1373 Griechen
466 1330 627 1371 zuruck
653 1330 742 1370 und
769 1330 875 1370 lasst
902 1329 1017 1369 dann
1045 1327 1260 1368 abermals
1277 1328 1346 1367 ein
1364 1327 1528 1367 Romer
1545 1326 1705 1380 folgen,

216 1408 464 1463 Quirinus.'’
494 1407 713 1462 Equidem
739 1407 800 1446 sic
827 1405 1107 1446 concludam:
1140 1418 1270 1458 „ergo
1288 1404 1570 1458 praecipuum
1587 1402 1707 1457 quod

216 1493 388 1527 secutus
430 1491 496 1526 est
536 1484 763 1524 consilium
806 1489 936 1537 poeta
978 1496 1064 1523 non
1097 1482 1177 1523 fuit
1208 1481 1302 1522 laus
1336 1480 1527 1535 Augusti
1559 1480 1705 1530 solius,

215 1577 367 1604 verum
395 1562 579 1603 orationi
601 1575 705 1601 suae
726 1561 906 1601 inseruit
923 1573 1022 1601 eum
1040 1559 1218 1599 honoris
1235 1572 1378 1612 causa,
1397 1572 1497 1599 nam
1515 1558 1708 1612 alioquin

217 1641 354 1682 multo
387 1639 538 1681 melius
571 1644 772 1679 extremo
803 1638 901 1678 loco
933 1651 1032 1677 eum
1064 1634 1325 1678 laudasset.’'

277 1717 342 1759 At
386 1716 652 1757 contrarium
698 1714 898 1769 perhibet
939 1714 1005 1754 vir
1047 1713 1215 1763 doctus,
1259 1713 1348 1753 sive
1387 1712 1533 1765 potius
1565 1712 1708 1753 dicam

217 1808 317 1836 eum
359 1794 475 1834 aliud
516 1792 620 1847 quid
664 1791 881 1833 reiciendo
919 1791 1094 1831 obviarn
1128 1804 1271 1831 meam
1303 1790 1709 1843 interpretationem

219 1871 529 1924 subterfugere.
577 1869 913 1922 „Merkwurdig
957 1868 1059 1908 dasz
1102 1867 1332 1920 Augustus
1363 1867 1441 1907 der
1473 1866 1586 1907 noch
1618 1866 1710 1907 lebt

219 1949 374 1990 mitten
420 1949 462 1988 in
504 1947 574 1987 die
616 1946 755 1987 Reihe
796 1951 963 1998 gesetzt
1005 1945 1072 1986 ist.
1117 1944 1431 1986 Schmeichelei
1473 1943 1591 1983 kann
1632 1942 1710 1983 das

221 2026 341 2067 nicht
387 2025 501 2074 sein;
549 2024 665 2064 denn
713 2023 782 2064 die
828 2023 950 2063 hatte
998 2036 1043 2062 es
1080 2022 1126 2075 ja
1167 2021 1329 2075 gerade
1369 2020 1582 2073 verlangt,
1625 2020 1711 2060 den

221 2104 428 2155 Princeps
471 2115 527 2142 an
567 2101 646 2142 das
684 2100 810 2140 Ende
842 2114 892 2140 zu
926 2105 1086 2150 setzen‚
1119 2113 1192 2139 um
1225 2098 1299 2139 ihn
1331 2111 1380 2138 so
1413 2097 1476 2137 als
1508 2098 1587 2138 das
1619 2096 1711 2137 Ziel

221 2179 474 2220 erscheinen
507 2193 556 2219 zu
583 2178 738 2228 lassen‚
766 2177 845 2218 auf
867 2177 943 2218 das
971 2190 1017 2217 es
1035 2177 1103 2217 bei
1121 2176 1198 2217 der
1215 2189 1382 2230 ganzen
1401 2174 1711 2226 Entwicklung

222 2257 470 2310 abgesehen
514 2255 610 2296 ist.'’
656 2255 794 2294 Recte
835 2254 1025 2307 quidem.
1069 2253 1380 2293 Adulationem
1414 2265 1494 2292 nec
1525 2264 1608 2305 ego
1641 2250 1712 2290 hic

223 2346 426 2387 agnosco.
457 2332 686 2385 Augustus
712 2331 827 2371 enirn
846 2338 985 2372 artem
1004 2330 1160 2371 callere
1177 2330 1247 2370 hic
1264 2330 1456 2370 maxime
1473 2328 1709 2376 laudatam,

223 2410 327 2450 satis
359 2409 610 2450 ostenderat
637 2415 685 2449 ut
712 2407 998 2460 plurimorum
1025 2420 1125 2447 cum
1152 2406 1447 2447 assentatione
1469 2406 1579 2446 inter
1597 2405 1713 2445 viros

224 2486 620 2539 praestantissimos
651 2491 783 2538 atque
816 2485 927 2524 adeo
961 2485 1117 2524 heroas
1152 2497 1176 2523 a
1209 2490 1340 2536 poeta
1372 2486 1711 2535 computaretur.

227 2563 373 2603 Fateri
425 2569 571 2604 autem
618 2563 790 2603 videtur
837 2562 1036 2616 quamvis
1083 2561 1240 2601 inscius
1290 2559 1566 2612 Kreppelius,
1613 2571 1713 2599 curn

226 2639 486 2680 Mommseni
518 2646 611 2680 tum
644 2652 747 2680 suae
775 2639 907 2691 ipsius
935 2637 1283 2691 interpretationi
1311 2635 1464 2677 melius
1481 2635 1714 2675 convenire

227 2722 275 2756 ut
316 2722 415 2769 post
456 2722 625 2757 ceteros
666 2722 837 2756 tanturn
880 2715 1115 2756 extollatur
1157 2714 1248 2768 ipse
1286 2712 1527 2765 Augustus.
1562 2710 1715 2765 Atque

228 2793 288 2833 ita
329 2793 420 2833 sine
461 2793 595 2834 dubio
636 2793 795 2845 egisset
839 2792 1060 2841 Horatius,
1104 2791 1138 2831 si
1180 2791 1222 2830 in
1265 2789 1481 2843 prioribus
1522 2788 1715 2841 strophis

229 2869 435 2923 principis
462 2882 548 2908 non
576 2869 749 2909 laudem
766 2875 936 2910 tantum
955 2868 1031 2908 sed
1050 2867 1385 2919 descriptionem
1404 2871 1446 2906 et
1464 2868 1716 2907 ἀποθέωσιν
