1955 3157
981 275 1039 307 20

801 395 826 447 ᾗ
842 406 882 445 4.
918 393 1206 437 CONCLUSIO.

319 489 380 531 Ut
436 503 488 530 ea
543 503 655 543 quae
711 489 852 530 sentio
903 491 1153 531 summatim
1200 488 1491 544 complectar:
1540 490 1752 544 imprimis

259 579 514 619 persuasum
547 566 652 606 mihi
685 572 751 607 est
783 566 1016 607 Horatium
1050 566 1247 620 profecto
1276 572 1514 620 antequam
1541 567 1752 622 inciperet

259 658 451 697 pangere
497 644 609 684 hanc
652 643 811 697 Odam,
859 643 902 683 in
934 644 1081 684 animo
1112 643 1317 685 habuisse
1348 643 1637 685 continentiae
1667 645 1751 685 vir-

259 728 397 762 tutem
430 735 597 764 canere.
633 721 923 774 Nequaquam
956 721 1000 761 id
1032 721 1318 774 interpretum
1350 722 1573 763 inventum
1606 727 1686 763 est.

319 798 489 839 Deinde
517 811 673 838 censeo
701 811 799 838 eum
828 811 921 838 esse
950 811 1073 838 usum
1097 797 1268 838 dicendi
1287 798 1454 839 ratione
1471 798 1547 839 vix
1564 798 1749 852 poetica,

260 889 370 929 quae
413 889 567 929 parum
610 875 715 915 mihi
758 875 914 928 placet.
958 874 1088 928 Quod
1131 889 1218 916 non
1259 876 1448 916 tribuere
1489 875 1619 916 velim
1651 888 1752 916 cum

258 952 451 1005 Jurenka
468 953 498 1005 1)
533 952 666 1005 ipsius
698 957 856 1005 poetae
888 952 1036 992 animo
1067 952 1215 992 iocoso
1247 976 1305 981 —
1338 953 1412 1005 qui
1444 952 1546 993 alibi
1573 952 1751 1006 quidem

259 1028 329 1069 hic
360 1043 465 1069 vero
492 1043 579 1069 non
606 1030 853 1082 comparuit
879 1053 936 1058 -
964 1028 1041 1069 sed
1069 1028 1278 1082 explicari
1295 1042 1383 1069 non
1400 1042 1529 1083 posse
1546 1029 1751 1070 existimo

259 1107 339 1146 nisi
387 1112 434 1147 ut
480 1106 582 1147 fecit
624 1106 760 1146 ferme
803 1106 1094 1158 Niemeyerus
1112 1102 1143 1159 2)
1186 1119 1239 1146 eo
1281 1106 1400 1158 quod
1431 1107 1624 1160 suscepit
1655 1105 1752 1161 plus

259 1184 401 1224 oneris
434 1183 644 1224 Horatius
677 1197 808 1237 quam
841 1183 976 1224 valuit
1008 1189 1196 1237 portare.

319 1260 487 1302 Cecinit
519 1261 740 1314 eleganter
771 1274 1101 1314 saepenumer0‚
1134 1259 1443 1314 versiculisque
1474 1260 1750 1314 lepidissimis

259 1345 325 1379 est
372 1338 585 1379 allocutus
630 1338 794 1378 amicos
826 1351 927 1379 suos
959 1344 1003 1379 et
1036 1338 1223 1389 amicas;
1254 1337 1389 1378 libere
1421 1339 1535 1379 enim
1568 1337 1752 1379 volitare

258 1415 359 1455 hinc
406 1415 505 1455 inde
552 1415 756 1469 cupiebat
798 1421 841 1456 et
883 1414 1085 1467 callebat,
1119 1415 1210 1455 sine
1243 1415 1387 1466 frenis,
1422 1416 1513 1456 sine
1545 1415 1726 1456 consilio
1739 1429 1749 1466 ;

259 1493 386 1533 simul
443 1499 589 1534 autem
647 1499 779 1546 atque
835 1493 1039 1533 carminis
1087 1499 1394 1546 argumentum
1440 1493 1546 1534 artis
1593 1492 1751 1534 finibus

259 1570 635 1624 circumscriptum
683 1570 830 1619 habet,
879 1569 1007 1610 simul
1049 1576 1181 1623 atque
1213 1570 1402 1623 seipsum
1435 1569 1617 1610 vinculis
1648 1583 1751 1610 con-

259 1647 447 1696 strinxit,
481 1653 703 1700 praestare
735 1647 886 1700 nequit
918 1660 1030 1700 quae
1062 1654 1162 1688 sunt
1194 1647 1472 1701 praestanda.

318 1724 520 1777 Longum
568 1738 673 1764 sane
715 1730 782 1765 est
823 1724 1035 1778 exemplis
1078 1737 1191 1778 quae
1223 1724 1315 1764 dixi
1348 1723 1575 1777 illustrare⁷
1609 1736 1750 1776 neque

260 1802 486 1854 proposito
528 1808 677 1843 nostro
720 1807 1074 1843 consentaneum.
1119 1800 1184 1842 At
1215 1800 1299 1841 hoc
1332 1801 1391 1842 ita
1423 1814 1516 1841 esse
1548 1801 1750 1842 omnibus

259 1885 381 1931 patet
428 1879 470 1918 in
518 1878 664 1919 multis
711 1879 975 1919 carminibus
1023 1903 1080 1908 —
1128 1878 1182 1919 de
1228 1877 1294 1918 his
1337 1884 1509 1919 tantum
1551 1878 1659 1931 ago!
1692 1901 1750 1908 —-

260 1969 400 2009 neque
433 1969 519 1996 non
553 1956 595 1996 in
628 1957 722 2010 ipso
755 1955 1037 1996 celeberrimo
1072 1954 1276 1996 Carmine
1308 1954 1541 1997 Saeculari.

319 2033 513 2087 Idipsum
556 2046 730 2086 q·=oque
772 2032 897 2074 facile
939 2033 1203 2086 conspicitur
1236 2033 1283 2087 in·
1310 2032 1486 2086 reliquis
1518 2031 1628 2073 Odis
1660 2032 1749 2072 Ro-

260 2111 410 2161 manis,
445 2110 499 2151 de
531 2111 688 2164 quibus
719 2111 806 2150 iam
839 2109 1071 2151 dicendum
1104 2116 1182 2152 est.

312 2265 344 2308 1)
370 2263 427 2298 Cf.
452 2263 503 2298 1.1.
529 2274 614 2309 pag.
641 2273 721 2308 293.

308 2342 343 2384 2)
369 2340 426 2375 Cf.
452 2341 578 2375 Fleck.
602 2341 732 2385 Jahrb.
762 2341 860 2386 1892.
887 2340 944 2386 65.
974 2341 1066 2375 »Zur
1092 2340 1308 2384 Erklarung
1333 2339 1398 2374 des
1425 2341 1581 2374 Horaz”.
