<?xml version="1.0" encoding="UTF-8"?>
<!DOCTYPE html PUBLIC "-//W3C//DTD XHTML 1.0 Transitional//EN"
    "http://www.w3.org/TR/xhtml1/DTD/xhtml1-transitional.dtd">
<html xmlns="http://www.w3.org/1999/xhtml" xml:lang="en" lang="en">
 <head>
  <title>
</title>
<meta http-equiv="Content-Type" content="text/html;charset=utf-8" />
  <meta name='ocr-system' content='tesseract 3.04.00' />
  <meta name='ocr-capabilities' content='ocr_page ocr_carea ocr_par ocr_line ocrx_word'/>
</head>
<body>
  <div class='ocr_page' id='page_1' title='image "./disputatiocritic00slijuoft_0013.png"; bbox 0 0 1955 3157; ppageno 0'>
   <div class='ocr_carea' id='block_1_1' title="bbox 772 858 1165 929">
    <p class='ocr_par' dir='ltr' id='par_1_1' title="bbox 772 858 1165 929">
     <span class='ocr_line' id='line_1_1' title="bbox 772 858 1165 929; baseline -0.01 0"><span class='ocrx_word' id='word_1_1' title='bbox 772 858 1073 929; x_wconf 74' lang='lat' dir='ltr'>CAPUT</span> <span class='ocrx_word' id='word_1_2' title='bbox 1129 858 1165 926; x_wconf 89' lang='lat'>1.</span> 
     </span>
    </p>
   </div>
   <div class='ocr_carea' id='block_1_2' title="bbox 224 1167 1722 2693">
    <p class='ocr_par' dir='ltr' id='par_1_2' title="bbox 224 1167 1720 1444">
     <span class='ocr_line' id='line_1_2' title="bbox 286 1167 1718 1224; baseline -0.003 -12"><span class='ocrx_word' id='word_1_3' title='bbox 286 1171 386 1211; x_wconf 90' lang='lat' dir='ltr'>Non</span> <span class='ocrx_word' id='word_1_4' title='bbox 417 1185 572 1224; x_wconf 90' lang='lat' dir='ltr'>parum</span> <span class='ocrx_word' id='word_1_5' title='bbox 599 1171 794 1223; x_wconf 82' lang='lat' dir='ltr'>miratur,</span> <span class='ocrx_word' id='word_1_6' title='bbox 823 1171 1017 1224; x_wconf 85' lang='lat' dir='ltr'>quisquis</span> <span class='ocrx_word' id='word_1_7' title='bbox 1044 1170 1334 1210; x_wconf 83' lang='lat' dir='ltr'>recentiorum</span> <span class='ocrx_word' id='word_1_8' title='bbox 1363 1167 1528 1221; x_wconf 86' lang='lat' dir='ltr'><strong>colligit</strong></span> <span class='ocrx_word' id='word_1_9' title='bbox 1557 1167 1718 1221; x_wconf 88' lang='lat' dir='ltr'>scripta</span> 
     </span>
     <span class='ocr_line' id='line_1_3' title="bbox 225 1245 1718 1301; baseline -0.003 -12"><span class='ocrx_word' id='word_1_10' title='bbox 225 1249 280 1288; x_wconf 89' lang='lat' dir='ltr'>de</span> <span class='ocrx_word' id='word_1_11' title='bbox 327 1248 499 1289; x_wconf 80' lang='lat' dir='ltr'>Horatii</span> <span class='ocrx_word' id='word_1_12' title='bbox 543 1248 664 1297; x_wconf 89' lang='lat' dir='ltr'>Odis,</span> <span class='ocrx_word' id='word_1_13' title='bbox 709 1261 821 1301; x_wconf 91' lang='lat' dir='ltr'>quae</span> <span class='ocrx_word' id='word_1_14' title='bbox 865 1261 977 1287; x_wconf 90' lang='lat' dir='ltr'>nunc</span> <span class='ocrx_word' id='word_1_15' title='bbox 1018 1246 1150 1300; x_wconf 85' lang='lat' dir='ltr'>vulgo</span> <span class='ocrx_word' id='word_1_16' title='bbox 1185 1245 1469 1296; x_wconf 82' lang='lat' dir='ltr'>„Romanae”</span> <span class='ocrx_word' id='word_1_17' title='bbox 1503 1245 1718 1294; x_wconf 88' lang='lat' dir='ltr'>dicuntur,</span> 
     </span>
     <span class='ocr_line' id='line_1_4' title="bbox 225 1323 1720 1379; baseline -0.003 -13"><span class='ocrx_word' id='word_1_18' title='bbox 225 1325 343 1379; x_wconf 91' lang='lat' dir='ltr'>quod</span> <span class='ocrx_word' id='word_1_19' title='bbox 389 1332 456 1366; x_wconf 91' lang='lat' dir='ltr'>tot</span> <span class='ocrx_word' id='word_1_20' title='bbox 497 1332 677 1378; x_wconf 89' lang='lat' dir='ltr'>tamque</span> <span class='ocrx_word' id='word_1_21' title='bbox 718 1325 916 1365; x_wconf 89' lang='lat' dir='ltr'>diversae</span> <span class='ocrx_word' id='word_1_22' title='bbox 957 1325 1188 1365; x_wconf 89' lang='lat' dir='ltr'>doctorum</span> <span class='ocrx_word' id='word_1_23' title='bbox 1220 1324 1412 1364; x_wconf 90' lang='lat' dir='ltr'>virorum</span> <span class='ocrx_word' id='word_1_24' title='bbox 1446 1323 1720 1376; x_wconf 91' lang='lat' dir='ltr'>reperiuntur</span> 
     </span>
     <span class='ocr_line' id='line_1_5' title="bbox 224 1403 478 1444; baseline 0 -1"><span class='ocrx_word' id='word_1_25' title='bbox 224 1403 478 1444; x_wconf 88' lang='lat' dir='ltr'>sententiae.</span> 
     </span>
    </p>

    <p class='ocr_par' dir='ltr' id='par_1_3' title="bbox 224 1476 1721 1765">
     <span class='ocr_line' id='line_1_6' title="bbox 284 1476 1720 1533; baseline -0.003 -12"><span class='ocrx_word' id='word_1_26' title='bbox 284 1479 370 1533; x_wconf 78' lang='lat' dir='ltr'>Qui</span> <span class='ocrx_word' id='word_1_27' title='bbox 417 1480 536 1520; x_wconf 87' lang='lat' dir='ltr'>furor</span> <span class='ocrx_word' id='word_1_28' title='bbox 578 1478 891 1532; x_wconf 87' lang='lat' dir='ltr'>interpretandi</span> <span class='ocrx_word' id='word_1_29' title='bbox 935 1485 979 1519; x_wconf 89' lang='lat' dir='ltr'>et</span> <span class='ocrx_word' id='word_1_30' title='bbox 1022 1479 1062 1518; x_wconf 89' lang='lat' dir='ltr'>in</span> <span class='ocrx_word' id='word_1_31' title='bbox 1095 1478 1267 1518; x_wconf 89' lang='lat' dir='ltr'>diversa</span> <span class='ocrx_word' id='word_1_32' title='bbox 1301 1477 1354 1518; x_wconf 90' lang='lat' dir='ltr'>de</span> <span class='ocrx_word' id='word_1_33' title='bbox 1388 1477 1436 1517; x_wconf 90' lang='lat' dir='ltr'>iis</span> <span class='ocrx_word' id='word_1_34' title='bbox 1469 1476 1720 1530; x_wconf 92' lang='lat' dir='ltr'>disputandi</span> 
     </span>
     <span class='ocr_line' id='line_1_7' title="bbox 225 1554 1719 1611; baseline -0.003 -13"><span class='ocrx_word' id='word_1_35' title='bbox 225 1572 277 1599; x_wconf 91' lang='lat' dir='ltr'>eo</span> <span class='ocrx_word' id='word_1_36' title='bbox 328 1558 560 1611; x_wconf 86' lang='lat' dir='ltr'>praecipue</span> <span class='ocrx_word' id='word_1_37' title='bbox 608 1557 841 1609; x_wconf 84' lang='lat' dir='ltr'>instigatus</span> <span class='ocrx_word' id='word_1_38' title='bbox 888 1569 982 1596; x_wconf 90' lang='lat' dir='ltr'>esse</span> <span class='ocrx_word' id='word_1_39' title='bbox 1029 1555 1201 1597; x_wconf 88' lang='lat' dir='ltr'>videtur</span> <span class='ocrx_word' id='word_1_40' title='bbox 1247 1555 1365 1607; x_wconf 90' lang='lat' dir='ltr'>quod</span> <span class='ocrx_word' id='word_1_41' title='bbox 1413 1554 1719 1595; x_wconf 89' lang='lat' dir='ltr'>celeberrimus</span> 
     </span>
     <span class='ocr_line' id='line_1_8' title="bbox 224 1631 1721 1688; baseline -0.002 -14"><span class='ocrx_word' id='word_1_42' title='bbox 224 1635 403 1688; x_wconf 91' lang='lat' dir='ltr'>quidam</span> <span class='ocrx_word' id='word_1_43' title='bbox 436 1635 501 1675; x_wconf 89' lang='lat' dir='ltr'>vir</span> <span class='ocrx_word' id='word_1_44' title='bbox 533 1648 590 1674; x_wconf 86' lang='lat' dir='ltr'>ex</span> <span class='ocrx_word' id='word_1_45' title='bbox 622 1647 701 1675; x_wconf 89' lang='lat' dir='ltr'>suo</span> <span class='ocrx_word' id='word_1_46' title='bbox 729 1647 850 1674; x_wconf 92' lang='lat' dir='ltr'>more</span> <span class='ocrx_word' id='word_1_47' title='bbox 877 1647 952 1674; x_wconf 88' lang='lat' dir='ltr'>eas</span> <span class='ocrx_word' id='word_1_48' title='bbox 979 1631 1207 1686; x_wconf 83' lang='lat' dir='ltr'>explicans</span> <span class='ocrx_word' id='word_1_49' title='bbox 1235 1645 1369 1672; x_wconf 86' lang='lat' dir='ltr'>novas</span> <span class='ocrx_word' id='word_1_50' title='bbox 1388 1632 1721 1685; x_wconf 91' lang='lat' dir='ltr'>inopinatasque</span> 
     </span>
     <span class='ocr_line' id='line_1_9' title="bbox 225 1712 689 1765; baseline 0.002 -14"><span class='ocrx_word' id='word_1_51' title='bbox 225 1712 362 1753; x_wconf 88' lang='lat' dir='ltr'>movit</span> <span class='ocrx_word' id='word_1_52' title='bbox 394 1712 689 1765; x_wconf 85' lang='lat' dir='ltr'>quaestiones.</span> 
     </span>
    </p>

    <p class='ocr_par' dir='ltr' id='par_1_4' title="bbox 225 1786 1722 2295">
     <span class='ocr_line' id='line_1_10' title="bbox 285 1786 1719 1842; baseline -0.003 -12"><span class='ocrx_word' id='word_1_53' title='bbox 285 1789 523 1842; x_wconf 89' lang='lat' dir='ltr'>Postquam</span> <span class='ocrx_word' id='word_1_54' title='bbox 571 1789 686 1829; x_wconf 91' lang='lat' dir='ltr'>enim</span> <span class='ocrx_word' id='word_1_55' title='bbox 730 1787 992 1829; x_wconf 91' lang='lat' dir='ltr'>Theodorus</span> <span class='ocrx_word' id='word_1_56' title='bbox 1034 1787 1334 1827; x_wconf 88' lang='lat' dir='ltr'>Mommsenus</span> <span class='ocrx_word' id='word_1_57' title='bbox 1353 1786 1398 1839; x_wconf 76' lang='lat'>1),</span> <span class='ocrx_word' id='word_1_58' title='bbox 1442 1800 1558 1827; x_wconf 93' lang='lat' dir='ltr'>anno</span> <span class='ocrx_word' id='word_1_59' title='bbox 1597 1787 1719 1839; x_wconf 83' lang='lat'>1889,</span> 
     </span>
     <span class='ocr_line' id='line_1_11' title="bbox 225 1863 1719 1918; baseline -0.002 -12"><span class='ocrx_word' id='word_1_60' title='bbox 225 1866 268 1906; x_wconf 91' lang='lat' dir='ltr'>in</span> <span class='ocrx_word' id='word_1_61' title='bbox 296 1865 540 1907; x_wconf 85' lang='lat' dir='ltr'>Academia</span> <span class='ocrx_word' id='word_1_62' title='bbox 565 1866 763 1906; x_wconf 88' lang='lat' dir='ltr'>sollemni</span> <span class='ocrx_word' id='word_1_63' title='bbox 792 1866 861 1906; x_wconf 91' lang='lat' dir='ltr'>die</span> <span class='ocrx_word' id='word_1_64' title='bbox 884 1865 994 1907; x_wconf 87' lang='lat' dir='ltr'>festo</span> <span class='ocrx_word' id='word_1_65' title='bbox 1016 1864 1257 1905; x_wconf 88' lang='lat' dir='ltr'>Friedrichi</span> <span class='ocrx_word' id='word_1_66' title='bbox 1276 1863 1480 1905; x_wconf 89' lang='lat' dir='ltr'>Guilelmi</span> <span class='ocrx_word' id='word_1_67' title='bbox 1499 1864 1719 1918; x_wconf 79' lang='lat' dir='ltr'>principis,</span> 
     </span>
     <span class='ocr_line' id='line_1_12' title="bbox 225 1941 1721 1997; baseline -0.002 -13"><span class='ocrx_word' id='word_1_68' title='bbox 225 1943 494 1997; x_wconf 89' lang='lat' dir='ltr'>praeclaram</span> <span class='ocrx_word' id='word_1_69' title='bbox 550 1944 667 1984; x_wconf 89' lang='lat' dir='ltr'>illam</span> <span class='ocrx_word' id='word_1_70' title='bbox 725 1943 880 1985; x_wconf 89' lang='lat' dir='ltr'>habuit</span> <span class='ocrx_word' id='word_1_71' title='bbox 936 1943 1193 1992; x_wconf 90' lang='lat' dir='ltr'>orationem,</span> <span class='ocrx_word' id='word_1_72' title='bbox 1243 1941 1566 1996; x_wconf 84' lang='lat' dir='ltr'>philologorum</span> <span class='ocrx_word' id='word_1_73' title='bbox 1615 1954 1721 1981; x_wconf 86' lang='lat' dir='ltr'>mox</span> 
     </span>
     <span class='ocr_line' id='line_1_13' title="bbox 225 2018 1720 2072; baseline -0.001 -12"><span class='ocrx_word' id='word_1_74' title='bbox 225 2022 415 2063; x_wconf 86' lang='lat' dir='ltr'>surrexit</span> <span class='ocrx_word' id='word_1_75' title='bbox 461 2021 612 2071; x_wconf 90' lang='lat' dir='ltr'>turba;</span> <span class='ocrx_word' id='word_1_76' title='bbox 660 2021 901 2062; x_wconf 91' lang='lat' dir='ltr'>laudabant</span> <span class='ocrx_word' id='word_1_77' title='bbox 948 2020 1030 2069; x_wconf 90' lang='lat' dir='ltr'>alii,</span> <span class='ocrx_word' id='word_1_78' title='bbox 1080 2020 1151 2060; x_wconf 90' lang='lat' dir='ltr'>alii</span> <span class='ocrx_word' id='word_1_79' title='bbox 1194 2019 1525 2072; x_wconf 84' lang='lat' dir='ltr'>impugnabant.</span> <span class='ocrx_word' id='word_1_80' title='bbox 1570 2018 1720 2072; x_wconf 90' lang='lat' dir='ltr'>Atque</span> 
     </span>
     <span class='ocr_line' id='line_1_14' title="bbox 225 2096 1722 2151; baseline -0.002 -13"><span class='ocrx_word' id='word_1_81' title='bbox 225 2097 310 2138; x_wconf 92' lang='lat' dir='ltr'>hoc</span> <span class='ocrx_word' id='word_1_82' title='bbox 349 2097 447 2138; x_wconf 92' lang='lat' dir='ltr'>loco</span> <span class='ocrx_word' id='word_1_83' title='bbox 490 2099 576 2139; x_wconf 90' lang='lat' dir='ltr'>iam</span> <span class='ocrx_word' id='word_1_84' title='bbox 619 2098 870 2139; x_wconf 87' lang='lat' dir='ltr'>addendum</span> <span class='ocrx_word' id='word_1_85' title='bbox 908 2104 973 2139; x_wconf 90' lang='lat' dir='ltr'>est</span> <span class='ocrx_word' id='word_1_86' title='bbox 1004 2099 1100 2151; x_wconf 90' lang='lat' dir='ltr'>ipsa</span> <span class='ocrx_word' id='word_1_87' title='bbox 1133 2096 1217 2147; x_wconf 88' lang='lat' dir='ltr'>illa,</span> <span class='ocrx_word' id='word_1_88' title='bbox 1252 2110 1364 2150; x_wconf 90' lang='lat' dir='ltr'>quae</span> <span class='ocrx_word' id='word_1_89' title='bbox 1397 2109 1574 2149; x_wconf 91' lang='lat' dir='ltr'>prorsus</span> <span class='ocrx_word' id='word_1_90' title='bbox 1608 2109 1722 2136; x_wconf 90' lang='lat' dir='ltr'>nova</span> 
     </span>
     <span class='ocr_line' id='line_1_15' title="bbox 225 2174 1720 2230; baseline -0.002 -14"><span class='ocrx_word' id='word_1_91' title='bbox 225 2189 251 2216; x_wconf 92' lang='lat' dir='ltr'>a</span> <span class='ocrx_word' id='word_1_92' title='bbox 281 2176 557 2216; x_wconf 89' lang='lat' dir='ltr'>Mommseno</span> <span class='ocrx_word' id='word_1_93' title='bbox 589 2181 689 2217; x_wconf 91' lang='lat' dir='ltr'>sunt</span> <span class='ocrx_word' id='word_1_94' title='bbox 718 2176 901 2230; x_wconf 88' lang='lat' dir='ltr'>prolata,</span> <span class='ocrx_word' id='word_1_95' title='bbox 932 2189 1062 2228; x_wconf 89' lang='lat' dir='ltr'>saepe</span> <span class='ocrx_word' id='word_1_96' title='bbox 1089 2174 1301 2215; x_wconf 88' lang='lat' dir='ltr'>acerrime</span> <span class='ocrx_word' id='word_1_97' title='bbox 1329 2187 1422 2214; x_wconf 90' lang='lat' dir='ltr'>esse</span> <span class='ocrx_word' id='word_1_98' title='bbox 1452 2174 1720 2227; x_wconf 84' lang='lat' dir='ltr'>impugnata.</span> 
     </span>
     <span class='ocr_line' id='line_1_16' title="bbox 226 2250 1509 2295; baseline -0.002 -1"><span class='ocrx_word' id='word_1_99' title='bbox 226 2253 355 2295; x_wconf 92' lang='lat' dir='ltr'>Unde</span> <span class='ocrx_word' id='word_1_100' title='bbox 386 2254 564 2294; x_wconf 91' lang='lat' dir='ltr'>tandem</span> <span class='ocrx_word' id='word_1_101' title='bbox 597 2259 745 2294; x_wconf 89' lang='lat' dir='ltr'>tantae</span> <span class='ocrx_word' id='word_1_102' title='bbox 778 2253 1052 2294; x_wconf 83' lang='lat' dir='ltr'>auctoritatis</span> <span class='ocrx_word' id='word_1_103' title='bbox 1083 2258 1207 2293; x_wconf 89' lang='lat' dir='ltr'>tanta</span> <span class='ocrx_word' id='word_1_104' title='bbox 1239 2250 1509 2292; x_wconf 89' lang='lat' dir='ltr'>diffidentia?</span> 
     </span>
    </p>

    <p class='ocr_par' dir='ltr' id='par_1_5' title="bbox 225 2328 1722 2616">
     <span class='ocr_line' id='line_1_17' title="bbox 285 2328 1722 2384; baseline -0.002 -13"><span class='ocrx_word' id='word_1_105' title='bbox 285 2330 347 2371; x_wconf 93' lang='lat' dir='ltr'>Ut</span> <span class='ocrx_word' id='word_1_106' title='bbox 388 2330 432 2370; x_wconf 91' lang='lat' dir='ltr'>id</span> <span class='ocrx_word' id='word_1_107' title='bbox 474 2330 659 2384; x_wconf 81' lang='lat' dir='ltr'>ingenue</span> <span class='ocrx_word' id='word_1_108' title='bbox 691 2331 829 2371; x_wconf 87' lang='lat' dir='ltr'>fatear</span> <span class='ocrx_word' id='word_1_109' title='bbox 862 2330 980 2384; x_wconf 92' lang='lat' dir='ltr'>quod</span> <span class='ocrx_word' id='word_1_110' title='bbox 1014 2330 1178 2370; x_wconf 91' lang='lat' dir='ltr'>sentio:</span> <span class='ocrx_word' id='word_1_111' title='bbox 1212 2329 1385 2369; x_wconf 90' lang='lat' dir='ltr'>videtur</span> <span class='ocrx_word' id='word_1_112' title='bbox 1416 2328 1521 2368; x_wconf 90' lang='lat' dir='ltr'>mihi</span> <span class='ocrx_word' id='word_1_113' title='bbox 1554 2328 1619 2368; x_wconf 89' lang='lat' dir='ltr'>vir</span> <span class='ocrx_word' id='word_1_114' title='bbox 1652 2328 1722 2368; x_wconf 92' lang='lat' dir='ltr'>ille</span> 
     </span>
     <span class='ocr_line' id='line_1_18' title="bbox 225 2405 1720 2462; baseline -0.002 -14"><span class='ocrx_word' id='word_1_115' title='bbox 225 2407 351 2448; x_wconf 90' lang='lat' dir='ltr'>laude</span> <span class='ocrx_word' id='word_1_116' title='bbox 383 2408 636 2462; x_wconf 88' lang='lat' dir='ltr'>ceteroquin</span> <span class='ocrx_word' id='word_1_117' title='bbox 669 2408 962 2462; x_wconf 84' lang='lat' dir='ltr'>dignissimus,</span> <span class='ocrx_word' id='word_1_118' title='bbox 997 2414 1136 2448; x_wconf 90' lang='lat' dir='ltr'>artem</span> <span class='ocrx_word' id='word_1_119' title='bbox 1169 2407 1366 2447; x_wconf 88' lang='lat' dir='ltr'>criticam</span> <span class='ocrx_word' id='word_1_120' title='bbox 1399 2405 1470 2446; x_wconf 87' lang='lat' dir='ltr'>hic</span> <span class='ocrx_word' id='word_1_121' title='bbox 1498 2405 1720 2459; x_wconf 89' lang='lat' dir='ltr'>paululum</span> 
     </span>
     <span class='ocr_line' id='line_1_19' title="bbox 225 2482 1721 2539; baseline -0.003 -13"><span class='ocrx_word' id='word_1_122' title='bbox 225 2486 481 2539; x_wconf 88' lang='lat' dir='ltr'>prodidisse,</span> <span class='ocrx_word' id='word_1_123' title='bbox 520 2492 567 2527; x_wconf 92' lang='lat' dir='ltr'>ut</span> <span class='ocrx_word' id='word_1_124' title='bbox 599 2486 874 2539; x_wconf 88' lang='lat' dir='ltr'>eloquentiae</span> <span class='ocrx_word' id='word_1_125' title='bbox 904 2485 1081 2534; x_wconf 90' lang='lat' dir='ltr'>faveret,</span> <span class='ocrx_word' id='word_1_126' title='bbox 1113 2490 1247 2537; x_wconf 91' lang='lat' dir='ltr'>utque</span> <span class='ocrx_word' id='word_1_127' title='bbox 1276 2482 1530 2524; x_wconf 87' lang='lat' dir='ltr'>Carminum</span> <span class='ocrx_word' id='word_1_128' title='bbox 1549 2488 1721 2523; x_wconf 92' lang='lat' dir='ltr'>senten-</span> 
     </span>
     <span class='ocr_line' id='line_1_20' title="bbox 226 2559 1601 2616; baseline -0.002 -13"><span class='ocrx_word' id='word_1_129' title='bbox 226 2563 332 2603; x_wconf 89' lang='lat' dir='ltr'>tiam</span> <span class='ocrx_word' id='word_1_130' title='bbox 366 2562 574 2603; x_wconf 88' lang='lat' dir='ltr'>Germani</span> <span class='ocrx_word' id='word_1_131' title='bbox 607 2562 818 2616; x_wconf 90' lang='lat' dir='ltr'>Principis</span> <span class='ocrx_word' id='word_1_132' title='bbox 850 2562 962 2603; x_wconf 89' lang='lat' dir='ltr'>festo</span> <span class='ocrx_word' id='word_1_133' title='bbox 995 2561 1325 2615; x_wconf 86' lang='lat' dir='ltr'>quammaxime</span> <span class='ocrx_word' id='word_1_134' title='bbox 1356 2559 1601 2614; x_wconf 88' lang='lat' dir='ltr'>adaptaret.</span> 
     </span>
    </p>

    <p class='ocr_par' dir='ltr' id='par_1_6' title="bbox 286 2637 1601 2693">
     <span class='ocr_line' id='line_1_21' title="bbox 286 2637 1601 2693; baseline -0.002 -13"><span class='ocrx_word' id='word_1_135' title='bbox 286 2639 411 2693; x_wconf 78' lang='lat' dir='ltr'>Quae</span> <span class='ocrx_word' id='word_1_136' title='bbox 444 2653 531 2680; x_wconf 90' lang='lat' dir='ltr'>non</span> <span class='ocrx_word' id='word_1_137' title='bbox 562 2645 728 2680; x_wconf 90' lang='lat' dir='ltr'>temere</span> <span class='ocrx_word' id='word_1_138' title='bbox 761 2654 830 2680; x_wconf 90' lang='lat' dir='ltr'>me</span> <span class='ocrx_word' id='word_1_139' title='bbox 862 2639 1138 2681; x_wconf 89' lang='lat' dir='ltr'>contendisse</span> <span class='ocrx_word' id='word_1_140' title='bbox 1170 2645 1325 2693; x_wconf 86' lang='lat' dir='ltr'>postea</span> <span class='ocrx_word' id='word_1_141' title='bbox 1357 2637 1601 2692; x_wconf 87' lang='lat' dir='ltr'>apparebit.</span> 
     </span>
    </p>
   </div>
   <div class='ocr_carea' id='block_1_3' title="bbox 278 2790 1722 2894">
    <p class='ocr_par' dir='ltr' id='par_1_7' title="bbox 278 2790 1722 2894">
     <span class='ocr_line' id='line_1_22' title="bbox 278 2790 1722 2837; baseline -0.002 -11"><span class='ocrx_word' id='word_1_142' title='bbox 278 2794 310 2837; x_wconf 93' lang='lat'>1)</span> <span class='ocrx_word' id='word_1_143' title='bbox 325 2791 381 2827; x_wconf 92' lang='lat' dir='ltr'>Cf.</span> <span class='ocrx_word' id='word_1_144' title='bbox 397 2792 737 2837; x_wconf 85' lang='lat' dir='ltr'>Sitzungsberichte</span> <span class='ocrx_word' id='word_1_145' title='bbox 751 2791 817 2826; x_wconf 87' lang='lat' dir='ltr'>der</span> <span class='ocrx_word' id='word_1_146' title='bbox 830 2792 975 2826; x_wconf 88' lang='lat' dir='ltr'>Preuss.</span> <span class='ocrx_word' id='word_1_147' title='bbox 990 2791 1112 2826; x_wconf 82' lang='lat' dir='ltr'>Akad.</span> <span class='ocrx_word' id='word_1_148' title='bbox 1127 2791 1193 2825; x_wconf 87' lang='lat' dir='ltr'>der</span> <span class='ocrx_word' id='word_1_149' title='bbox 1208 2791 1266 2824; x_wconf 92' lang='lat' dir='ltr'>W.</span> <span class='ocrx_word' id='word_1_150' title='bbox 1285 2800 1329 2833; x_wconf 87' lang='lat'>24</span> <span class='ocrx_word' id='word_1_151' title='bbox 1340 2791 1422 2835; x_wconf 89' lang='lat' dir='ltr'>Jan.</span> <span class='ocrx_word' id='word_1_152' title='bbox 1438 2790 1527 2835; x_wconf 85' lang='lat'>1889</span> <span class='ocrx_word' id='word_1_153' title='bbox 1539 2800 1573 2835; x_wconf 88' lang='lat' dir='ltr'>p.</span> <span class='ocrx_word' id='word_1_154' title='bbox 1585 2799 1628 2833; x_wconf 90' lang='lat'>23</span> <span class='ocrx_word' id='word_1_155' title='bbox 1641 2800 1722 2834; x_wconf 89' lang='lat' dir='ltr'>sqq.</span> 
     </span>
     <span class='ocr_line' id='line_1_23' title="bbox 1564 2870 1577 2894; baseline 0 0"><span class='ocrx_word' id='word_1_156' title='bbox 1564 2870 1577 2894; x_wconf 92' lang='lat'>1</span> 
     </span>
    </p>
   </div>
  </div>
 </body>
</html>
