1955 3157
935 244 1011 287 152

223 370 347 410 firme
393 366 690 409 demonstret?
733 365 865 417 Nihil,
899 365 1044 418 credo,
1077 379 1267 419 prorsus.
1303 366 1444 406 Immo
1476 365 1716 407 luculenter

223 445 416 488 ostendit
462 443 773 497 Karstenius1)
817 449 994 498 poetam
1039 443 1139 483 inde
1180 456 1206 483 a
1247 442 1390 496 primo
1431 455 1559 483 versu
1591 442 1717 482 huius

225 522 335 564 odae
367 522 656 563 adulescentes
687 534 782 561 esse
814 520 1074 561 allocutum:

557 615 728 649 >Delicta
753 614 939 648 maiorum
966 614 1175 648 immeritus
1201 613 1302 648 lues”

226 702 447 750 „Frustra‚
492 700 644 755 inquit,
689 699 863 740 fuerunt
904 699 978 752 qui
1010 698 1154 739 locum
1190 698 1410 752 explicare
1442 698 1586 738 conati
1618 702 1719 738 sunt

223 779 283 819 ita
315 785 363 818 ut
396 776 691 826 „immeritus”
726 782 769 816 et
801 775 994 816 futurum
1029 773 1175 823 „lues”
1205 788 1329 815 suam
1356 774 1604 815 obtinerent
1629 773 1717 814 vim

224 869 274 896 ac
302 860 577 908 potestatem,
600 877 652 881 —-
672 853 773 906 quia
791 850 1098 902 „Romanum”
1119 851 1376 905 intellegunt
1394 851 1449 892 de
1466 850 1719 905 aequalibus

225 938 395 986 poetae,
427 931 472 971 hi
504 938 653 972 tamen
685 943 825 984 neque
859 929 1062 970 immeriti
1090 929 1173 969 dici
1204 935 1388 982 possunt
1415 941 1557 983 neque
1573 928 1719 969 luituri

226 1022 319 1049 esse
352 1009 394 1048 in
427 1014 650 1062 posterum
682 1007 866 1047 aliorum
899 1006 1071 1047 delicta.

285 1085 350 1126 At
396 1084 541 1140 proles
588 1097 751 1133 eorum,
802 1097 914 1124 nunc
957 1083 1225 1133 adulescens,
1269 1083 1488 1124 immerita
1529 1087 1609 1131 est,
1642 1082 1718 1123 sed

226 1169 372 1204 tamen
414 1161 518 1213 luet,
559 1161 592 1201 si
634 1160 886 1213 adoleverit,
920 1166 1096 1214 patrum
1128 1167 1173 1201 et
1204 1173 1386 1201 avorum
1419 1159 1605 1213 culpam,
1639 1158 1719 1199 nisi

225 1240 391 1294 templa
438 1239 646 1288 refecerit,
690 1237 733 1279 h.
752 1252 802 1287 e.,
849 1262 902 1266 —-
944 1251 1045 1278 nam
1078 1237 1308 1291 Augustus
1340 1236 1517 1288 reficiet,
1553 1260 1605 1264 —
1639 1236 1719 1276 nisi

227 1316 282 1357 ad
324 1316 577 1369 religionem
621 1315 837 1356 redierit.’'
882 1314 1028 1356 Acute
1064 1327 1168 1355 sane
1199 1314 1362 1367 scripta
1394 1320 1494 1354 sunt
1525 1313 1635 1355 haec
1667 1326 1719 1354 ac

226 1401 317 1435 tam
365 1399 515 1446 aperte
555 1406 674 1445 vera⁷
717 1398 764 1433 ut
805 1392 995 1432 nesciam
1038 1390 1253 1446 equidem,
1287 1405 1374 1445 qua
1405 1391 1571 1431 ratione
1602 1390 1720 1445 quis-

228 1484 359 1525 quam
393 1476 589 1511 evertere
620 1469 729 1510 haec
762 1469 911 1522 possit.

289 1547 475 1587 Temere
521 1547 652 1598 igitur
700 1545 934 1586 affirmavit
976 1545 1208 1587 Hiemerus
1253 1545 1400 1595 „nicht
1441 1545 1511 1586 die
1552 1543 1720 1585 Kinder

229 1624 325 1664 sind
372 1637 430 1677 es,
475 1638 510 1664 e.
530 1637 570 1676 q.
591 1624 652 1665 S.’'
698 1623 825 1664 Plura
866 1630 1014 1664 tamen
1057 1622 1446 1664 animadvertenda
1486 1627 1597 1663 sunt.
1641 1621 1721 1662 Ait

229 1701 271 1741 d.
291 1714 355 1742 v.:
392 1700 554 1749 „Nicht
585 1700 654 1740 die
687 1701 834 1740 innere
867 1700 1191 1753 Umwandlung
1223 1713 1257 1740 e.
1278 1712 1320 1752 q.
1339 1713 1372 1740 s,
1406 1705 1453 1740 ut
1485 1712 1628 1752 supra.

289 1778 386 1818 Iure
418 1777 573 1830 aliquis
605 1777 786 1826 dubitet,
821 1790 925 1817 num
958 1777 1107 1818 debita
1138 1776 1363 1829 diligentia
1390 1789 1592 1816 versuum
1619 1788 1722 1816 con—

230 1861 402 1896 textum
449 1854 728 1908 perpenderit
776 1854 840 1894 vir
886 1854 1042 1895 doctus
1084 1860 1320 1907 antequam
1363 1852 1467 1894 talia
1497 1851 1719 1893 scriberet.

230 1932 345 1972 Nam
378 1932 587 1972 Horatius
619 1931 892 1972 lucidissimis
924 1931 1069 1971 verbis
1101 1929 1344 1983 praedixit:

661 2024 740 2058 >Di
762 2023 882 2058 multa
908 2024 1067 2069 neglecti
1087 2023 1271 2058 dederunt

660 2083 865 2128 Hesperiae
890 2083 991 2117 mala
1016 2083 1243 2117 luctuosae.'’

293 2169 462 2222 Aperte
495 2168 662 2208 monuit
694 2168 919 2208 Romanos
947 2174 994 2208 ut
1019 2167 1074 2208 ad
1103 2167 1327 2220 antiquam
1346 2165 1553 2219 pietatem
1581 2178 1722 2206 rever-

232 2252 439 2287 terentur.
498 2245 737 2299 Postquam
787 2243 950 2293 „multa
996 2243 1067 2284 illa
1115 2243 1257 2283 mala''
1305 2243 1536 2296 descripsit
1581 2243 1721 2295 ipsam

235 2323 320 2362 iam
363 2323 525 2362 indicat
567 2322 752 2375 culpam.
791 2321 1050 2362 Rectissime
1084 2319 1360 2360 Gebhardius
1377 2316 1431 2372 2):
1468 2318 1587 2367 „Das
1617 2318 1722 2359 alles

235 2399 291 2439 ist
332 2413 412 2439 nur
454 2399 547 2439 eine
590 2397 957 2439 unausbleibliche
1001 2397 1138 2449 Folge
1169 2397 1246 2437 der
1277 2395 1720 2449 Religionslosigkeit‚

236 2476 315 2516 das
347 2475 616 2516 Romervolk
644 2476 698 2516 ist
724 2474 1051 2524 demorans-dett,
1081 2474 1160 2514 das
1187 2473 1379 2514 eheliche
1397 2473 1485 2514 und
1502 2472 1722 2513 hausliche

237 2552 386 2592 Leben
432 2553 487 2592 ist
528 2550 773 2604 vergiftet.''
818 2551 920 2592 Non
960 2551 1091 2604 igitur
1133 2564 1229 2591 eam
1262 2550 1424 2591 indicat
1455 2551 1722 2603 damnatque

237 2628 420 2682 culpam,
470 2629 589 2682 quod
630 2628 748 2681 leges
789 2628 1045 2681 spreverint,
1088 2640 1238 2668 verum
1281 2627 1399 2679 quod
1440 2626 1547 2666 deos
1588 2626 1722 2666 offen-

291 2771 322 2812 1)
347 2769 397 2803 l.l.
424 2780 507 2814 pag.
538 2778 613 2811 147.

289 2847 324 2888 2)
350 2845 406 2879 Cf.
432 2845 481 2880 l.l.
507 2845 555 2879 ad
582 2845 705 2879 Carm.
734 2845 798 2887 ΙΙΙ,
824 2845 857 2879 6.
