1955 3157
963 251 1021 292 66

239 382 449 423 Varronis
507 395 677 422 memor
732 381 787 421 de
844 380 1079 434 .theologia
1137 378 1263 421 civili'
1316 394 1367 421 ac
1414 380 1612 434 .poetica'
1659 395 1735 423 seu

242 456 517 514 .physica'1)‚
574 471 733 499 novam
788 458 920 499 docet
971 457 1233 511 opinionem.
1282 456 1495 498 Solebant
1541 457 1735 499 nonnulli

240 537 339 577 inde
396 536 452 577 ab
511 536 640 576 Ennii
695 535 968 589 temporibus
1016 535 1198 575 deorum
1246 534 1568 588 neglegentiam
1616 535 1735 588 apud

238 615 381 667 ipsum
398 613 608 667 populum
627 625 883 666 propagare.
903 610 1047 665 Quam
1066 610 1406 665 imprudentiam
1425 611 1736 665 improbabant

239 691 362 732 multi
394 691 473 731 viri
507 690 681 744 egregii.
719 690 858 738 „Puto
888 689 1030 742 igitur,
1051 689 1190 743 inquit
1208 688 1480 738 Karstenius,
1501 688 1734 729 Horatium

239 768 307 808 his
348 767 538 821 strophis
580 780 655 807 eos
687 767 920 818 monuisse,
953 766 1028 820 qui
1060 766 1177 807 docti
1210 765 1280 806 vel
1311 765 1475 807 indocti
1507 766 1735 819 opiniones

239 859 339 886 suas
372 858 457 885 non
492 843 776 885 removebant
807 857 833 884 a
865 843 976 893 foro,
1005 843 1090 883 hoc
1119 849 1227 884 esta
1244 842 1419 897 populo,
1439 843 1516 883 sed
1533 856 1736 883 sermone

240 922 308 962 vel
354 922 518 975 scripto
561 921 714 962 leviter
756 920 992 960 efferebant
1035 920 1077 960 in
1110 920 1279 973 vulgus.
1313 920 1372 960 Hi
1404 919 1642 961 secundum
1675 919 1732 961 H.

241 1011 327 1038 non
380 999 520 1038 minus
567 999 759 1051 graviter
807 998 1063 1052 peccabant,
1112 1011 1245 1052 quam
1293 998 1367 1052 qui
1414 997 1517 1038 olim
1565 1010 1735 1038 sacrum

241 1075 412 1116 Cereris
458 1075 698 1129 vulgabant
745 1082 790 1116 et
838 1076 989 1128 patriis
1037 1075 1244 1125 moribus,
1288 1075 1447 1129 quibus
1488 1075 1635 1116 stabat
1667 1088 1736 1115 res

241 1153 456 1206 Romana,
504 1153 713 1194 damnum
762 1153 1004 1195 inferebant
1046 1154 1200 1207 quavis
1242 1154 1468 1206 punitione
1509 1151 1734 1206 dignum.''

241 1229 367 1283 Quae
413 1230 560 1284 opinio
608 1244 687 1271 suo
735 1231 891 1271 merito
934 1231 1111 1271 minime
1152 1236 1286 1271 caret.
1319 1229 1534 1272 Attamen
1565 1242 1652 1270 non
1684 1242 1737 1270 ea

241 1313 308 1348 est
348 1321 460 1361 quae
501 1308 675 1360 penitus
717 1308 823 1348 mihi
856 1307 1080 1360 probetur.
1115 1305 1346 1348 Conciliari
1379 1307 1556 1361 quidem
1589 1312 1737 1360 potest

242 1387 286 1425 et
317 1398 415 1425 cum
448 1385 499 1424 iis
530 1398 642 1438 quae
674 1384 955 1439 praecedunt,
990 1387 1034 1425 et
1066 1398 1165 1424 cum
1199 1384 1370 1425 Horatii
1404 1384 1645 1437 proposito,
1680 1407 1736 1413 —

243 1475 342 1502 nam
375 1475 450 1502 eos
482 1462 696 1515 imprimis
728 1468 898 1515 spectat
931 1463 1118 1511 iuvenes,
1154 1461 1228 1515 qui
1261 1461 1419 1502 scholis
1447 1460 1737 1502 interfuerunt

242 1545 316 1580 aut
348 1538 574 1580 intersunt.
608 1563 666 1568 —-
698 1538 786 1580 Sed
817 1538 981 1593 aliquid
1015 1544 1163 1580 tamen
1195 1538 1330 1579 habet
1362 1537 1470 1578 haec
1498 1538 1735 1591 explicatio

241 1616 445 1668 contorti,
487 1616 686 1670 quaesiti.
730 1615 878 1669 Quare
922 1630 1019 1656 eam
1052 1629 1139 1656 non
1171 1629 1344 1670 sequor,
1378 1629 1465 1656 non
1496 1615 1615 1670 quod
1647 1628 1736 1656 non

242 1692 426 1746 placeat,
458 1692 535 1733 sed
567 1693 670 1747 quia
702 1693 844 1733 minus
876 1692 1030 1746 placet.

301 1769 407 1810 Veri
439 1769 568 1822 longe
600 1769 830 1819 simillima,
864 1776 996 1824 atque
1028 1783 1151 1810 meae
1179 1783 1309 1823 supra
1335 1769 1465 1810 datae
1492 1769 1546 1809 de
1569 1768 1735 1822 reliquo

242 1846 434 1886 carmine
466 1846 658 1899 opinioni
687 1846 880 1886 maxime
907 1853 1213 1896 consentanea,
1242 1852 1343 1887 sunt
1368 1860 1421 1886 ea
1447 1859 1561 1900 quae
1578 1845 1735 1886 docere

242 1923 413 1964 videtur
440 1923 717 1964 doctissimus
735 1923 799 1963 vir
816 1923 1031 1963 Aemilius
1049 1923 1374 1976 Rosenbergius
1387 1921 1418 1976 2)
1436 1923 1735 1963 consentiente

243 2013 294 2041 ac
326 2013 593 2054 magnopere
626 1999 831 2040 laudante
864 1999 1022 2040 Carolo
1054 1999 1386 2040 Loeschhornio
1403 1999 1446 2050 3).

303 2076 481 2118 Ceteras
508 2077 622 2117 enim
646 2078 944 2130 expositiones
961 2077 1047 2118 iam
1065 2078 1280 2127 omittam,
1300 2090 1352 2117 ne
1370 2076 1523 2118 lectori
1540 2075 1733 2117 taedium

244 2168 459 2197 moveam.
512 2154 716 2208 Aiebam,
766 2168 908 2209 „quae
954 2155 1111 2195 docere
1157 2154 1334 2195 videtur
1380 2152 1734 2206 Rosenbergius'’

244 2232 404 2272 etenim
443 2231 605 2284 apertis
636 2231 814 2285 quidem
847 2232 990 2272 verbis
1023 2245 1110 2271 non
1142 2231 1256 2272 dixit
1287 2244 1400 2285 quae
1432 2231 1586 2281 sentio,
1620 2230 1736 2271 clare

244 2315 391 2350 tamen
418 2310 461 2348 ni
483 2308 608 2349 fallor
624 2309 896 2362 significavit.
916 2308 1092 2349 Etenim
1111 2315 1211 2362 post
1228 2315 1294 2349 sat
1311 2321 1455 2349 acrem
1475 2307 1734 2348 Mommseni

245 2386 618 2440 impugnationem
660 2386 720 2425 sic
763 2386 907 2439 pergit
947 2386 1157 2438 scriptor:
1204 2385 1322 2435 „Das
1355 2384 1546 2426 Gedicht
1579 2385 1633 2425 ist
1665 2384 1735 2425 ein

250 2461 449 2503 Gedicht:
499 2463 578 2502 das
625 2462 786 2503 heiszt:
834 2462 911 2502 des
958 2462 1163 2504 Dichters
1211 2462 1335 2503 Seele
1383 2463 1438 2503 ist
1481 2468 1639 2514 erregt.
1674 2461 1736 2502 Er

246 2540 442 2581 wunseht
487 2540 651 2580 seinem
694 2539 1068 2580 neuerstandenen
1110 2539 1378 2581 Vaterlande
1419 2538 1606 2591 Krieger
1647 2538 1735 2579 und

297 2699 330 2741 1)
356 2697 451 2731 Vide
476 2708 574 2742 quae
600 2697 700 2731 dicta
727 2704 812 2732 sunt
838 2709 951 2743 supra
976 2708 1060 2743 pag.

294 2775 330 2815 2)
356 2774 481 2817 Progr.
509 2773 657 2818 Konigl.
685 2773 934 2818 Gymnasium
959 2785 1001 2808 zu
1029 2773 1262 2818 Hirschberg
1288 2773 1309 2808 i.
1335 2773 1435 2808 Schl.
1465 2782 1565 2818 1907.

295 2857 331 2899 3)
357 2855 659 2890 Wochenschrift
685 2856 745 2890 fiir
770 2857 976 2891 klassische
1002 2857 1208 2901 Philologie
1237 2865 1337 2902 1907,
1363 2867 1449 2902 pag.
1473 2865 1554 2901 910.
