1955 3157
948 200 1025 244 135

251 322 428 377 prinam
462 337 637 377 quoque
669 329 840 377 partem
873 322 985 364 odae
1018 321 1124 364 illud
1158 321 1330 372 referas,
1366 328 1410 364 et
1441 323 1502 363 sic
1531 323 1665 378 (quod
1695 338 1740 365 se

250 399 357 440 velle
395 401 583 442 Iurenka
624 401 786 454 apertis
818 400 962 441 verbis
995 400 1187 454 negavit)
1221 400 1482 442 sententiam
1514 401 1737 455 politicam

250 476 318 517 his
349 478 564 519 versiculis
598 491 834 532 supponas.

310 553 397 595 Sed
421 555 520 596 vide
551 556 639 597 iam
670 569 802 609 quam
829 554 988 595 insulse
1016 553 1279 595 clarissimus
1305 554 1493 607 scriptor
1519 555 1737 596 vinculum

249 630 354 671 illud
401 638 552 683 nectat,
601 632 656 673 de
703 646 791 687 quo
839 632 1097 686 disputetur.
1144 631 1426 685 „Unbesorgt
1466 645 1618 686 wegen
1661 633 1739 673 der

248 707 389 758 Kluft‚
439 710 594 751 welche
641 711 711 751 die
758 717 873 751 erste
915 709 1107 763 Strophe
1149 722 1236 749 von
1269 708 1346 749 der
1378 709 1559 750 zweiten
1590 716 1738 751 trennt

247 786 356 838 geht
402 799 448 826 er
473 788 641 828 sodann
673 787 752 828 auf
778 787 1005 840 neuartige
1038 785 1282 827 Gedanken
1315 786 1433 828 fiber.
1467 786 1592 828 Aber
1624 788 1736 828 auch

247 862 317 904 die
364 864 568 906 nachsten
612 863 855 905 Gedanken
889 863 1106 917 gestalten
1138 863 1228 904 ihm
1261 863 1361 904 kein
1393 863 1593 917 langeres
1626 863 1738 904 Ver-

247 940 410 982 weilen.
462 941 551 983 Aus
593 942 694 982 dem
727 941 1049 983 unheimlichen
1083 940 1349 981 Fremdland
1381 940 1455 981 eilt
1488 954 1536 981 er
1567 941 1610 981 in
1636 941 1738 994 jene

246 1018 433 1071 wurzige
460 1018 651 1073 Bergluft
678 1019 755 1060 der
783 1019 964 1060 Heimat
991 1019 1180 1072 (Marsus
1202 1024 1247 1059 et
1265 1017 1467 1071 Apulus),
1490 1018 1531 1058 in
1550 1017 1737 1059 welcher

245 1094 315 1134 die
363 1095 618 1137 rusticorum
651 1096 844 1137 mascula
877 1095 1063 1137 militum
1096 1096 1240 1149 proles
1273 1094 1510 1145 erwachst;
1544 1094 1660 1135 dann
1694 1095 1736 1135 in

245 1172 315 1212 die
358 1172 637 1226 Hauptsbadn
672 1173 844 1214 endlich
877 1174 919 1213 in
952 1173 1030 1214 das
1062 1172 1201 1213 Reich
1235 1172 1313 1213 der
1345 1171 1614 1213 heimischen
1650 1171 1737 1212 Ge-

245 1249 454 1299 schichte,
490 1263 552 1290 we
583 1264 629 1291 er
661 1263 732 1290 am
765 1250 965 1304 langsten
997 1249 1231 1290 verweilt''.
1266 1248 1376 1303 Quis
1409 1263 1600 1303 unquam
1632 1249 1736 1289 talia

244 1326 478 1380 probabit?
511 1327 695 1368 Necesse
728 1327 864 1368 ferme
897 1341 983 1368 non
1017 1327 1129 1369 duco
1163 1326 1357 1380 pluribus
1389 1326 1498 1366 haec
1525 1326 1733 1366 refellere.

242 1403 414 1458 Aperte
452 1406 566 1445 enirn
604 1406 712 1447 falsa
753 1413 866 1447 sunt.
912 1405 1191 1460 Cogitavitne
1223 1405 1447 1459 Horatius,
1481 1411 1528 1446 ut
1561 1405 1733 1446 mittam

242 1488 399 1532 cetera,
435 1482 489 1523 de
522 1482 591 1523 illa
623 1484 838 1537 „wurzige
871 1482 1068 1536 Bergluft
1099 1483 1177 1523 der
1204 1482 1424 1532 Heimat'',
1455 1495 1554 1522 cum
1572 1481 1734 1523 diceret

621 1583 720 1617 »Sub
746 1593 833 1627 rege
858 1582 969 1617 Medo
996 1584 1143 1616 Marsus
1168 1588 1204 1616 et
1229 1581 1376 1628 Apulus

759 1643 992 1677 Anciliorum
1019 1649 1055 1677 et
1080 1654 1117 1688 q.
1135 1642 1211 1677 s.?''

300 1743 398 1784 Hac
459 1750 553 1785 arte
610 1758 710 1798 prae
769 1744 924 1785 ceteris
981 1744 1115 1798 pollet
1162 1743 1227 1784 vir
1275 1743 1566 1797 doctissimus,
1617 1744 1734 1796 ipsas

241 1820 521 1863 difficultates
579 1821 729 1863 callide
785 1821 991 1863 evitandi.
1052 1821 1102 1861 In
1160 1820 1244 1861 fine
1294 1821 1581 1874 expositionis
1628 1835 1734 1862 suae

239 1898 385 1939 addit:
437 1898 526 1948 „Es
576 1913 692 1940 musz
740 1899 945 1952 fibrigens
991 1899 1243 1952 zugegeben
1287 1899 1473 1947 werden,
1519 1898 1597 1938 das
1640 1898 1732 1938 sich

239 1974 386 2016 Horaz
433 1975 512 2017 auf
548 1976 626 2016 der
669 1976 796 2017 Hohe
837 1975 989 2017 erhalt.
1035 1976 1129 2016 Nur
1171 1989 1282 2028 ganz
1314 1975 1417 2016 leise
1450 1975 1627 2016 wecken
1661 1976 1732 2016 die

237 2051 396 2093 letzten
437 2053 529 2094 vier
571 2052 801 2107 Strophen,
836 2053 906 2093 die
939 2053 1214 2105 Erinnerung
1245 2066 1359 2093 an..
1381 2085 1416 2093 ..
1451 2052 1522 2093 die
1555 2052 1731 2102 „dulces

238 2128 458 2170 latebrae'’
492 2131 633 2170 seiner
664 2138 829 2183 grunen
858 2130 1145 2170 Einsamkeit.
1177 2129 1252 2170 An
1280 2130 1427 2170 Horaz
1455 2131 1628 2170 werden
1656 2131 1732 2170 wir

238 2220 310 2248 um
343 2221 392 2247 so
425 2208 549 2248 mehr
576 2209 778 2259 erinnert,
806 2206 869 2247 als
897 2207 966 2247 die
993 2207 1122 2248 letzte
1150 2206 1355 2260 Strophe‚
1373 2207 1453 2247 wie
1471 2206 1732 2261 Peerlkamp

237 2283 408 2337 gelehrt
450 2285 651 2325 ausfuhrt
693 2284 772 2325 auf
805 2284 999 2338 Regulus
1033 2283 1266 2337 eigentlich
1298 2297 1378 2337 gar
1411 2284 1531 2324 nicht
1564 2284 1731 2338 passt’'.

297 2361 458 2401 Nescio
501 2375 645 2402 annon
684 2361 1009 2414 Peerlkampius
1040 2361 1084 2401 id
1117 2374 1309 2414 unquam
1344 2360 1504 2402 fecerit.
1541 2362 1655 2402 Nam
1688 2362 1731 2402 in

236 2437 427 2479 editione
474 2439 565 2478 eius
613 2438 772 2479 frustra
819 2438 922 2480 talia
969 2438 1177 2492 quaesivi.
1231 2437 1383 2491 Atque
1431 2439 1537 2479 mihi
1585 2440 1730 2493 potius

236 2514 383 2569 inepte
414 2529 546 2570 quam
578 2515 748 2556 erudite
780 2516 981 2556 videntur
1012 2515 1168 2555 eadem
1201 2514 1318 2556 dicta
1350 2529 1456 2556 esse.

616 2626 756 2672 »Atqui
782 2626 934 2670 sciebat,
960 2637 1058 2672 quae
1083 2626 1153 2660 sibi
1181 2626 1366 2661 barbarus

615 2687 753 2720 Tortor
778 2692 947 2731 pararet:
974 2696 1049 2719 non
1074 2685 1181 2719 aliter
1207 2692 1335 2720 tamen

662 2746 831 2779 Dimovit
857 2745 1050 2780 obstantes
1074 2745 1306 2791 propinquos

709 2805 758 2839 Et
784 2804 965 2850 populum
991 2804 1133 2839 reditus
1158 2810 1369 2839 morantem
