1955 3157
422 1822 465 1847 10

422 2171 460 2208 15

417 2524 463 2549 20

726 788 1028 859 CAPUT
1081 789 1142 857 11.

748 1047 1039 1104 CARMEN
1077 1049 1126 1100 ΙΙ.

564 1173 775 1216 Angustam
802 1172 921 1207 amice
946 1172 1164 1218 pauperiem
1190 1173 1268 1218 pati

566 1231 759 1266 Robustus
784 1232 860 1266 acri
886 1231 1019 1266 militia
1044 1243 1137 1278 puer

611 1291 815 1326 Condiscat
839 1297 876 1325 et
900 1291 1060 1325 Parthos
1086 1290 1228 1326 feroces

658 1350 777 1385 Vexet
802 1360 916 1395 eques
942 1350 1167 1385 metuendus
1194 1351 1304 1385 hasta

564 1462 767 1507 Vitamque
793 1462 864 1497 sub
890 1462 978 1497 divo
1005 1469 1041 1497 et
1066 1463 1220 1508 trepidis
1246 1468 1333 1506 agat

564 1522 606 1555 In
634 1522 757 1557 rebus.
786 1522 891 1556 illum
919 1533 963 1556 ex
989 1522 1187 1557 moenibus
1212 1522 1365 1556 hosticis

610 1582 784 1616 Matrona
810 1581 985 1616 bellantis
1011 1582 1163 1626 tyranni

657 1641 890 1687 Prospiciens
918 1646 955 1675 et
982 1640 1112 1675 adulta
1142 1640 1247 1684 virgo

562 1753 748 1797 Suspiret:
774 1753 882 1797 eheu,
908 1764 954 1787 ne
980 1752 1083 1787 rudis
1108 1753 1302 1798 agminum

560 1813 727 1859 Sponsus
753 1813 912 1848 lacessat
938 1812 1062 1857 regius
1088 1823 1262 1858 asperum

610 1873 731 1906 Tactu
758 1872 917 1916 leonem,
945 1883 1057 1917 quem
1084 1878 1239 1906 cruenta

656 1932 725 1966 Per
751 1931 895 1966 medias
921 1931 1017 1977 rapit
1043 1932 1098 1966 ira
1124 1930 1269 1965 caedes.

559 2045 679 2079 Dulce
706 2051 743 2079 et
767 2044 946 2079 decorum
972 2050 1028 2078 est
1053 2055 1120 2089 pro
1147 2043 1268 2089 patria
1295 2043 1409 2077 mori:

560 2105 662 2139 Mors
687 2110 724 2139 et
749 2104 921 2149 fugacem
948 2103 1184 2149 persequitur
1210 2103 1350 2136 virum:

608 2164 687 2198 Nec
712 2163 832 2209 parcit
858 2163 1020 2197 imbellis
1045 2162 1222 2196 iuventae

653 2223 863 2269 Poplitibus
889 2222 1096 2267 timidoque
1121 2227 1237 2266 tergo.

559 2336 699 2377 Virtus,
726 2335 898 2381 repulsae
923 2334 1049 2369 nescia
1075 2333 1261 2376 sordidae,

560 2395 797 2429 Intaminatis
823 2394 941 2437 fulget
965 2393 1173 2428 honoribus

607 2455 686 2489 Nec
711 2454 825 2489 sumit
850 2460 915 2488 aut
940 2453 1045 2499 ponit
1070 2463 1218 2487 secures

652 2513 820 2549 Arbitrio
845 2513 1038 2560 popularis
1063 2523 1188 2547 aurae,

558 2628 698 2671 Virtus,
725 2626 922 2661 recludens
946 2625 1142 2660 immeritis
1167 2624 1262 2660 mori

559 2687 715 2721 Caelum
741 2692 877 2730 negata
903 2691 1023 2720 tentat
1047 2685 1116 2719 iter
1141 2685 1203 2719 via

606 2747 819 2790 Coetusque
844 2745 1020 2789 vulgares
1045 2750 1081 2779 et
1106 2744 1222 2779 udam

654 2805 803 2850 Spernit
828 2804 987 2838 humum
1014 2803 1178 2848 fugiente
1204 2814 1340 2849 penna.
